%YAML 1.1
%TAG !u! tag:unity3d.com,2011:
--- !u!29 &1
OcclusionCullingSettings:
  m_ObjectHideFlags: 0
  serializedVersion: 2
  m_OcclusionBakeSettings:
    smallestOccluder: 5
    smallestHole: 0.25
    backfaceThreshold: 100
  m_SceneGUID: 00000000000000000000000000000000
  m_OcclusionCullingData: {fileID: 0}
--- !u!104 &2
RenderSettings:
  m_ObjectHideFlags: 0
  serializedVersion: 9
  m_Fog: 0
  m_FogColor: {r: 0.5, g: 0.5, b: 0.5, a: 1}
  m_FogMode: 3
  m_FogDensity: 0.01
  m_LinearFogStart: 0
  m_LinearFogEnd: 300
  m_AmbientSkyColor: {r: 0.212, g: 0.227, b: 0.259, a: 1}
  m_AmbientEquatorColor: {r: 0.114, g: 0.125, b: 0.133, a: 1}
  m_AmbientGroundColor: {r: 0.047, g: 0.043, b: 0.035, a: 1}
  m_AmbientIntensity: 1
  m_AmbientMode: 3
  m_SubtractiveShadowColor: {r: 0.42, g: 0.478, b: 0.627, a: 1}
  m_SkyboxMaterial: {fileID: 0}
  m_HaloStrength: 0.5
  m_FlareStrength: 1
  m_FlareFadeSpeed: 3
  m_HaloTexture: {fileID: 0}
  m_SpotCookie: {fileID: 10001, guid: 0000000000000000e000000000000000, type: 0}
  m_DefaultReflectionMode: 0
  m_DefaultReflectionResolution: 128
  m_ReflectionBounces: 1
  m_ReflectionIntensity: 1
  m_CustomReflection: {fileID: 0}
  m_Sun: {fileID: 0}
  m_IndirectSpecularColor: {r: 0, g: 0, b: 0, a: 1}
  m_UseRadianceAmbientProbe: 0
--- !u!157 &3
LightmapSettings:
  m_ObjectHideFlags: 0
  serializedVersion: 11
  m_GIWorkflowMode: 1
  m_GISettings:
    serializedVersion: 2
    m_BounceScale: 1
    m_IndirectOutputScale: 1
    m_AlbedoBoost: 1
    m_EnvironmentLightingMode: 0
    m_EnableBakedLightmaps: 0
    m_EnableRealtimeLightmaps: 0
  m_LightmapEditorSettings:
    serializedVersion: 12
    m_Resolution: 2
    m_BakeResolution: 40
    m_AtlasSize: 1024
    m_AO: 0
    m_AOMaxDistance: 1
    m_CompAOExponent: 1
    m_CompAOExponentDirect: 0
    m_ExtractAmbientOcclusion: 0
    m_Padding: 2
    m_LightmapParameters: {fileID: 0}
    m_LightmapsBakeMode: 1
    m_TextureCompression: 1
    m_FinalGather: 0
    m_FinalGatherFiltering: 1
    m_FinalGatherRayCount: 256
    m_ReflectionCompression: 2
    m_MixedBakeMode: 2
    m_BakeBackend: 1
    m_PVRSampling: 1
    m_PVRDirectSampleCount: 32
    m_PVRSampleCount: 512
    m_PVRBounces: 2
    m_PVREnvironmentSampleCount: 256
    m_PVREnvironmentReferencePointCount: 2048
    m_PVRFilteringMode: 1
    m_PVRDenoiserTypeDirect: 1
    m_PVRDenoiserTypeIndirect: 1
    m_PVRDenoiserTypeAO: 1
    m_PVRFilterTypeDirect: 0
    m_PVRFilterTypeIndirect: 0
    m_PVRFilterTypeAO: 0
    m_PVREnvironmentMIS: 1
    m_PVRCulling: 1
    m_PVRFilteringGaussRadiusDirect: 1
    m_PVRFilteringGaussRadiusIndirect: 5
    m_PVRFilteringGaussRadiusAO: 2
    m_PVRFilteringAtrousPositionSigmaDirect: 0.5
    m_PVRFilteringAtrousPositionSigmaIndirect: 2
    m_PVRFilteringAtrousPositionSigmaAO: 1
    m_ExportTrainingData: 0
    m_TrainingDataDestination: TrainingData
    m_LightProbeSampleCountMultiplier: 4
  m_LightingDataAsset: {fileID: 0}
  m_UseShadowmask: 1
--- !u!196 &4
NavMeshSettings:
  serializedVersion: 2
  m_ObjectHideFlags: 0
  m_BuildSettings:
    serializedVersion: 2
    agentTypeID: 0
    agentRadius: 0.5
    agentHeight: 2
    agentSlope: 45
    agentClimb: 0.4
    ledgeDropHeight: 0
    maxJumpAcrossDistance: 0
    minRegionArea: 2
    manualCellSize: 0
    cellSize: 0.16666667
    manualTileSize: 0
    tileSize: 256
    accuratePlacement: 0
    debug:
      m_Flags: 0
  m_NavMeshData: {fileID: 0}
--- !u!1001 &29792590
PrefabInstance:
  m_ObjectHideFlags: 0
  serializedVersion: 2
  m_Modification:
    m_TransformParent: {fileID: 623473096}
    m_Modifications:
    - target: {fileID: 3407239778734402258, guid: 7890b9906b7f1d84d8d1a93ae085b108,
        type: 3}
      propertyPath: m_Name
      value: Tree2 (1)
      objectReference: {fileID: 0}
    - target: {fileID: 3407239778734402286, guid: 7890b9906b7f1d84d8d1a93ae085b108,
        type: 3}
      propertyPath: m_LocalPosition.x
      value: -3.378235
      objectReference: {fileID: 0}
    - target: {fileID: 3407239778734402286, guid: 7890b9906b7f1d84d8d1a93ae085b108,
        type: 3}
      propertyPath: m_LocalPosition.y
      value: 8.313746
      objectReference: {fileID: 0}
    - target: {fileID: 3407239778734402286, guid: 7890b9906b7f1d84d8d1a93ae085b108,
        type: 3}
      propertyPath: m_LocalPosition.z
      value: 2.461914
      objectReference: {fileID: 0}
    - target: {fileID: 3407239778734402286, guid: 7890b9906b7f1d84d8d1a93ae085b108,
        type: 3}
      propertyPath: m_LocalRotation.x
      value: -0
      objectReference: {fileID: 0}
    - target: {fileID: 3407239778734402286, guid: 7890b9906b7f1d84d8d1a93ae085b108,
        type: 3}
      propertyPath: m_LocalRotation.y
      value: -0
      objectReference: {fileID: 0}
    - target: {fileID: 3407239778734402286, guid: 7890b9906b7f1d84d8d1a93ae085b108,
        type: 3}
      propertyPath: m_LocalRotation.z
      value: -0
      objectReference: {fileID: 0}
    - target: {fileID: 3407239778734402286, guid: 7890b9906b7f1d84d8d1a93ae085b108,
        type: 3}
      propertyPath: m_LocalRotation.w
      value: 1
      objectReference: {fileID: 0}
    - target: {fileID: 3407239778734402286, guid: 7890b9906b7f1d84d8d1a93ae085b108,
        type: 3}
      propertyPath: m_RootOrder
      value: 6
      objectReference: {fileID: 0}
    - target: {fileID: 3407239778734402286, guid: 7890b9906b7f1d84d8d1a93ae085b108,
        type: 3}
      propertyPath: m_LocalEulerAnglesHint.x
      value: 0
      objectReference: {fileID: 0}
    - target: {fileID: 3407239778734402286, guid: 7890b9906b7f1d84d8d1a93ae085b108,
        type: 3}
      propertyPath: m_LocalEulerAnglesHint.y
      value: 0
      objectReference: {fileID: 0}
    - target: {fileID: 3407239778734402286, guid: 7890b9906b7f1d84d8d1a93ae085b108,
        type: 3}
      propertyPath: m_LocalEulerAnglesHint.z
      value: 0
      objectReference: {fileID: 0}
    m_RemovedComponents: []
  m_SourcePrefab: {fileID: 100100000, guid: 7890b9906b7f1d84d8d1a93ae085b108, type: 3}
--- !u!82 &110437111 stripped
AudioSource:
  m_CorrespondingSourceObject: {fileID: 2871006884749094586, guid: cbb20a56cd06e7745a9cd5eb27ed3f6e,
    type: 3}
  m_PrefabInstance: {fileID: 2141713287}
  m_PrefabAsset: {fileID: 0}
--- !u!4 &112521029 stripped
Transform:
  m_CorrespondingSourceObject: {fileID: 1860900555161326734, guid: 62017accfbdf4dd49a9699ad338d0c73,
    type: 3}
  m_PrefabInstance: {fileID: 481296447}
  m_PrefabAsset: {fileID: 0}
--- !u!4 &140627683 stripped
Transform:
  m_CorrespondingSourceObject: {fileID: 1860900555161326734, guid: 62017accfbdf4dd49a9699ad338d0c73,
    type: 3}
  m_PrefabInstance: {fileID: 1636833105}
  m_PrefabAsset: {fileID: 0}
--- !u!1001 &142837246
PrefabInstance:
  m_ObjectHideFlags: 0
  serializedVersion: 2
  m_Modification:
    m_TransformParent: {fileID: 0}
    m_Modifications:
    - target: {fileID: 396810567791001917, guid: 01247f4142e866647913cc4a816bbae2,
        type: 3}
      propertyPath: m_UsedByEffector
      value: 0
      objectReference: {fileID: 0}
    - target: {fileID: 3996018563945510433, guid: 01247f4142e866647913cc4a816bbae2,
        type: 3}
      propertyPath: m_LocalPosition.x
      value: 0
      objectReference: {fileID: 0}
    - target: {fileID: 3996018563945510433, guid: 01247f4142e866647913cc4a816bbae2,
        type: 3}
      propertyPath: m_LocalPosition.y
      value: 0
      objectReference: {fileID: 0}
    - target: {fileID: 3996018563945510433, guid: 01247f4142e866647913cc4a816bbae2,
        type: 3}
      propertyPath: m_LocalPosition.z
      value: 0
      objectReference: {fileID: 0}
    - target: {fileID: 3996018563945510433, guid: 01247f4142e866647913cc4a816bbae2,
        type: 3}
      propertyPath: m_LocalRotation.x
      value: 0
      objectReference: {fileID: 0}
    - target: {fileID: 3996018563945510433, guid: 01247f4142e866647913cc4a816bbae2,
        type: 3}
      propertyPath: m_LocalRotation.y
      value: 0
      objectReference: {fileID: 0}
    - target: {fileID: 3996018563945510433, guid: 01247f4142e866647913cc4a816bbae2,
        type: 3}
      propertyPath: m_LocalRotation.z
      value: 0
      objectReference: {fileID: 0}
    - target: {fileID: 3996018563945510433, guid: 01247f4142e866647913cc4a816bbae2,
        type: 3}
      propertyPath: m_LocalRotation.w
      value: 1
      objectReference: {fileID: 0}
    - target: {fileID: 3996018563945510433, guid: 01247f4142e866647913cc4a816bbae2,
        type: 3}
      propertyPath: m_RootOrder
      value: 3
      objectReference: {fileID: 0}
    - target: {fileID: 3996018563945510433, guid: 01247f4142e866647913cc4a816bbae2,
        type: 3}
      propertyPath: m_LocalEulerAnglesHint.x
      value: 0
      objectReference: {fileID: 0}
    - target: {fileID: 3996018563945510433, guid: 01247f4142e866647913cc4a816bbae2,
        type: 3}
      propertyPath: m_LocalEulerAnglesHint.y
      value: 0
      objectReference: {fileID: 0}
    - target: {fileID: 3996018563945510433, guid: 01247f4142e866647913cc4a816bbae2,
        type: 3}
      propertyPath: m_LocalEulerAnglesHint.z
      value: 0
      objectReference: {fileID: 0}
    - target: {fileID: 5145277059793038125, guid: 01247f4142e866647913cc4a816bbae2,
        type: 3}
      propertyPath: m_Name
      value: PlayerController
      objectReference: {fileID: 0}
    m_RemovedComponents: []
  m_SourcePrefab: {fileID: 100100000, guid: 01247f4142e866647913cc4a816bbae2, type: 3}
--- !u!1 &266839939
GameObject:
  m_ObjectHideFlags: 0
  m_CorrespondingSourceObject: {fileID: 0}
  m_PrefabInstance: {fileID: 0}
  m_PrefabAsset: {fileID: 0}
  serializedVersion: 6
  m_Component:
  - component: {fileID: 266839942}
  - component: {fileID: 266839941}
  - component: {fileID: 266839940}
  m_Layer: 0
  m_Name: EventSystem
  m_TagString: Untagged
  m_Icon: {fileID: 0}
  m_NavMeshLayer: 0
  m_StaticEditorFlags: 0
  m_IsActive: 1
--- !u!114 &266839940
MonoBehaviour:
  m_ObjectHideFlags: 0
  m_CorrespondingSourceObject: {fileID: 0}
  m_PrefabInstance: {fileID: 0}
  m_PrefabAsset: {fileID: 0}
  m_GameObject: {fileID: 266839939}
  m_Enabled: 1
  m_EditorHideFlags: 0
  m_Script: {fileID: 11500000, guid: 4f231c4fb786f3946a6b90b886c48677, type: 3}
  m_Name: 
  m_EditorClassIdentifier: 
  m_HorizontalAxis: Horizontal
  m_VerticalAxis: Vertical
  m_SubmitButton: Submit
  m_CancelButton: Cancel
  m_InputActionsPerSecond: 10
  m_RepeatDelay: 0.5
  m_ForceModuleActive: 0
--- !u!114 &266839941
MonoBehaviour:
  m_ObjectHideFlags: 0
  m_CorrespondingSourceObject: {fileID: 0}
  m_PrefabInstance: {fileID: 0}
  m_PrefabAsset: {fileID: 0}
  m_GameObject: {fileID: 266839939}
  m_Enabled: 1
  m_EditorHideFlags: 0
  m_Script: {fileID: 11500000, guid: 76c392e42b5098c458856cdf6ecaaaa1, type: 3}
  m_Name: 
  m_EditorClassIdentifier: 
  m_FirstSelected: {fileID: 0}
  m_sendNavigationEvents: 1
  m_DragThreshold: 10
--- !u!4 &266839942
Transform:
  m_ObjectHideFlags: 0
  m_CorrespondingSourceObject: {fileID: 0}
  m_PrefabInstance: {fileID: 0}
  m_PrefabAsset: {fileID: 0}
  m_GameObject: {fileID: 266839939}
  m_LocalRotation: {x: 0, y: 0, z: 0, w: 1}
  m_LocalPosition: {x: 0, y: 0, z: 0}
  m_LocalScale: {x: 1, y: 1, z: 1}
  m_Children: []
  m_Father: {fileID: 0}
  m_RootOrder: 7
  m_LocalEulerAnglesHint: {x: 0, y: 0, z: 0}
--- !u!1 &347037619
GameObject:
  m_ObjectHideFlags: 0
  m_CorrespondingSourceObject: {fileID: 0}
  m_PrefabInstance: {fileID: 0}
  m_PrefabAsset: {fileID: 0}
  serializedVersion: 6
  m_Component:
  - component: {fileID: 347037620}
  m_Layer: 0
  m_Name: Enemies
  m_TagString: Untagged
  m_Icon: {fileID: 0}
  m_NavMeshLayer: 0
  m_StaticEditorFlags: 0
  m_IsActive: 1
--- !u!4 &347037620
Transform:
  m_ObjectHideFlags: 0
  m_CorrespondingSourceObject: {fileID: 0}
  m_PrefabInstance: {fileID: 0}
  m_PrefabAsset: {fileID: 0}
  m_GameObject: {fileID: 347037619}
  m_LocalRotation: {x: 0, y: 0, z: 0, w: 1}
  m_LocalPosition: {x: -0.04041494, y: 0.099112645, z: -2.461914}
  m_LocalScale: {x: 1, y: 1, z: 1}
  m_Children:
  - {fileID: 2022679351}
  - {fileID: 1353948462}
  m_Father: {fileID: 0}
  m_RootOrder: 11
  m_LocalEulerAnglesHint: {x: 0, y: 0, z: 0}
--- !u!1001 &481296447
PrefabInstance:
  m_ObjectHideFlags: 0
  serializedVersion: 2
  m_Modification:
    m_TransformParent: {fileID: 623473096}
    m_Modifications:
    - target: {fileID: 1860900555161326723, guid: 62017accfbdf4dd49a9699ad338d0c73,
        type: 3}
      propertyPath: m_Name
      value: Tree (1)
      objectReference: {fileID: 0}
    - target: {fileID: 1860900555161326733, guid: 62017accfbdf4dd49a9699ad338d0c73,
        type: 3}
      propertyPath: m_SortingOrder
      value: 2
      objectReference: {fileID: 0}
    - target: {fileID: 1860900555161326734, guid: 62017accfbdf4dd49a9699ad338d0c73,
        type: 3}
      propertyPath: m_LocalPosition.x
      value: 4.0504856
      objectReference: {fileID: 0}
    - target: {fileID: 1860900555161326734, guid: 62017accfbdf4dd49a9699ad338d0c73,
        type: 3}
      propertyPath: m_LocalPosition.y
      value: -0.47163194
      objectReference: {fileID: 0}
    - target: {fileID: 1860900555161326734, guid: 62017accfbdf4dd49a9699ad338d0c73,
        type: 3}
      propertyPath: m_LocalPosition.z
      value: 2.461914
      objectReference: {fileID: 0}
    - target: {fileID: 1860900555161326734, guid: 62017accfbdf4dd49a9699ad338d0c73,
        type: 3}
      propertyPath: m_LocalRotation.x
      value: -0
      objectReference: {fileID: 0}
    - target: {fileID: 1860900555161326734, guid: 62017accfbdf4dd49a9699ad338d0c73,
        type: 3}
      propertyPath: m_LocalRotation.y
      value: -0
      objectReference: {fileID: 0}
    - target: {fileID: 1860900555161326734, guid: 62017accfbdf4dd49a9699ad338d0c73,
        type: 3}
      propertyPath: m_LocalRotation.z
      value: -0
      objectReference: {fileID: 0}
    - target: {fileID: 1860900555161326734, guid: 62017accfbdf4dd49a9699ad338d0c73,
        type: 3}
      propertyPath: m_LocalRotation.w
      value: 1
      objectReference: {fileID: 0}
    - target: {fileID: 1860900555161326734, guid: 62017accfbdf4dd49a9699ad338d0c73,
        type: 3}
      propertyPath: m_RootOrder
      value: 4
      objectReference: {fileID: 0}
    - target: {fileID: 1860900555161326734, guid: 62017accfbdf4dd49a9699ad338d0c73,
        type: 3}
      propertyPath: m_LocalEulerAnglesHint.x
      value: 0
      objectReference: {fileID: 0}
    - target: {fileID: 1860900555161326734, guid: 62017accfbdf4dd49a9699ad338d0c73,
        type: 3}
      propertyPath: m_LocalEulerAnglesHint.y
      value: 0
      objectReference: {fileID: 0}
    - target: {fileID: 1860900555161326734, guid: 62017accfbdf4dd49a9699ad338d0c73,
        type: 3}
      propertyPath: m_LocalEulerAnglesHint.z
      value: 0
      objectReference: {fileID: 0}
    m_RemovedComponents: []
  m_SourcePrefab: {fileID: 100100000, guid: 62017accfbdf4dd49a9699ad338d0c73, type: 3}
--- !u!1 &623473095
GameObject:
  m_ObjectHideFlags: 0
  m_CorrespondingSourceObject: {fileID: 0}
  m_PrefabInstance: {fileID: 0}
  m_PrefabAsset: {fileID: 0}
  serializedVersion: 6
  m_Component:
  - component: {fileID: 623473096}
  m_Layer: 0
  m_Name: Trees
  m_TagString: Untagged
  m_Icon: {fileID: 0}
  m_NavMeshLayer: 0
  m_StaticEditorFlags: 0
  m_IsActive: 1
--- !u!4 &623473096
Transform:
  m_ObjectHideFlags: 0
  m_CorrespondingSourceObject: {fileID: 0}
  m_PrefabInstance: {fileID: 0}
  m_PrefabAsset: {fileID: 0}
  m_GameObject: {fileID: 623473095}
  m_LocalRotation: {x: 0, y: 0, z: 0, w: 1}
  m_LocalPosition: {x: -0.04041494, y: 0.099112645, z: -2.461914}
  m_LocalScale: {x: 1, y: 1, z: 1}
  m_Children:
  - {fileID: 1108482200}
  - {fileID: 1122811400}
  - {fileID: 1817969884}
  - {fileID: 140627683}
  - {fileID: 112521029}
  - {fileID: 1365608202}
  - {fileID: 2051133929}
  - {fileID: 1405458082}
  - {fileID: 963065132}
  m_Father: {fileID: 0}
  m_RootOrder: 9
  m_LocalEulerAnglesHint: {x: 0, y: 0, z: 0}
--- !u!1001 &661272997
PrefabInstance:
  m_ObjectHideFlags: 0
  serializedVersion: 2
  m_Modification:
    m_TransformParent: {fileID: 623473096}
    m_Modifications:
    - target: {fileID: 1860900555161326723, guid: 62017accfbdf4dd49a9699ad338d0c73,
        type: 3}
      propertyPath: m_Name
      value: Tree (5)
      objectReference: {fileID: 0}
    - target: {fileID: 1860900555161326734, guid: 62017accfbdf4dd49a9699ad338d0c73,
        type: 3}
      propertyPath: m_LocalPosition.x
      value: -1.259585
      objectReference: {fileID: 0}
    - target: {fileID: 1860900555161326734, guid: 62017accfbdf4dd49a9699ad338d0c73,
        type: 3}
      propertyPath: m_LocalPosition.y
      value: 2.6208873
      objectReference: {fileID: 0}
    - target: {fileID: 1860900555161326734, guid: 62017accfbdf4dd49a9699ad338d0c73,
        type: 3}
      propertyPath: m_LocalPosition.z
      value: 2.461914
      objectReference: {fileID: 0}
    - target: {fileID: 1860900555161326734, guid: 62017accfbdf4dd49a9699ad338d0c73,
        type: 3}
      propertyPath: m_LocalRotation.x
      value: -0
      objectReference: {fileID: 0}
    - target: {fileID: 1860900555161326734, guid: 62017accfbdf4dd49a9699ad338d0c73,
        type: 3}
      propertyPath: m_LocalRotation.y
      value: -0
      objectReference: {fileID: 0}
    - target: {fileID: 1860900555161326734, guid: 62017accfbdf4dd49a9699ad338d0c73,
        type: 3}
      propertyPath: m_LocalRotation.z
      value: -0
      objectReference: {fileID: 0}
    - target: {fileID: 1860900555161326734, guid: 62017accfbdf4dd49a9699ad338d0c73,
        type: 3}
      propertyPath: m_LocalRotation.w
      value: 1
      objectReference: {fileID: 0}
    - target: {fileID: 1860900555161326734, guid: 62017accfbdf4dd49a9699ad338d0c73,
        type: 3}
      propertyPath: m_RootOrder
      value: 0
      objectReference: {fileID: 0}
    - target: {fileID: 1860900555161326734, guid: 62017accfbdf4dd49a9699ad338d0c73,
        type: 3}
      propertyPath: m_LocalEulerAnglesHint.x
      value: 0
      objectReference: {fileID: 0}
    - target: {fileID: 1860900555161326734, guid: 62017accfbdf4dd49a9699ad338d0c73,
        type: 3}
      propertyPath: m_LocalEulerAnglesHint.y
      value: 0
      objectReference: {fileID: 0}
    - target: {fileID: 1860900555161326734, guid: 62017accfbdf4dd49a9699ad338d0c73,
        type: 3}
      propertyPath: m_LocalEulerAnglesHint.z
      value: 0
      objectReference: {fileID: 0}
    m_RemovedComponents: []
  m_SourcePrefab: {fileID: 100100000, guid: 62017accfbdf4dd49a9699ad338d0c73, type: 3}
--- !u!1001 &663951918
PrefabInstance:
  m_ObjectHideFlags: 0
  serializedVersion: 2
  m_Modification:
    m_TransformParent: {fileID: 0}
    m_Modifications:
    - target: {fileID: 2085677306333936008, guid: fc5a6142f43da604396a988e4c020309,
        type: 3}
      propertyPath: m_LocalPosition.x
      value: 0
      objectReference: {fileID: 0}
    - target: {fileID: 2085677306333936008, guid: fc5a6142f43da604396a988e4c020309,
        type: 3}
      propertyPath: m_LocalPosition.y
      value: 0
      objectReference: {fileID: 0}
    - target: {fileID: 2085677306333936008, guid: fc5a6142f43da604396a988e4c020309,
        type: 3}
      propertyPath: m_LocalPosition.z
      value: 0
      objectReference: {fileID: 0}
    - target: {fileID: 2085677306333936008, guid: fc5a6142f43da604396a988e4c020309,
        type: 3}
      propertyPath: m_LocalRotation.x
      value: 0
      objectReference: {fileID: 0}
    - target: {fileID: 2085677306333936008, guid: fc5a6142f43da604396a988e4c020309,
        type: 3}
      propertyPath: m_LocalRotation.y
      value: 0
      objectReference: {fileID: 0}
    - target: {fileID: 2085677306333936008, guid: fc5a6142f43da604396a988e4c020309,
        type: 3}
      propertyPath: m_LocalRotation.z
      value: 0
      objectReference: {fileID: 0}
    - target: {fileID: 2085677306333936008, guid: fc5a6142f43da604396a988e4c020309,
        type: 3}
      propertyPath: m_LocalRotation.w
      value: 1
      objectReference: {fileID: 0}
    - target: {fileID: 2085677306333936008, guid: fc5a6142f43da604396a988e4c020309,
        type: 3}
      propertyPath: m_RootOrder
      value: 1
      objectReference: {fileID: 0}
    - target: {fileID: 2085677306333936008, guid: fc5a6142f43da604396a988e4c020309,
        type: 3}
      propertyPath: m_LocalEulerAnglesHint.x
      value: 0
      objectReference: {fileID: 0}
    - target: {fileID: 2085677306333936008, guid: fc5a6142f43da604396a988e4c020309,
        type: 3}
      propertyPath: m_LocalEulerAnglesHint.y
      value: 0
      objectReference: {fileID: 0}
    - target: {fileID: 2085677306333936008, guid: fc5a6142f43da604396a988e4c020309,
        type: 3}
      propertyPath: m_LocalEulerAnglesHint.z
      value: 0
      objectReference: {fileID: 0}
    - target: {fileID: 2743444611222947005, guid: fc5a6142f43da604396a988e4c020309,
        type: 3}
      propertyPath: m_Name
      value: Grass Tiles
      objectReference: {fileID: 0}
    m_RemovedComponents: []
  m_SourcePrefab: {fileID: 100100000, guid: fc5a6142f43da604396a988e4c020309, type: 3}
--- !u!4 &749531072 stripped
Transform:
  m_CorrespondingSourceObject: {fileID: 2929714950604668053, guid: 7629154f185e60f4ca9dd2da985c5b14,
    type: 3}
  m_PrefabInstance: {fileID: 1673288981}
  m_PrefabAsset: {fileID: 0}
--- !u!1001 &835889237
PrefabInstance:
  m_ObjectHideFlags: 0
  serializedVersion: 2
  m_Modification:
    m_TransformParent: {fileID: 623473096}
    m_Modifications:
    - target: {fileID: 1860900555161326723, guid: 62017accfbdf4dd49a9699ad338d0c73,
        type: 3}
      propertyPath: m_Name
      value: Tree (4)
      objectReference: {fileID: 0}
    - target: {fileID: 1860900555161326734, guid: 62017accfbdf4dd49a9699ad338d0c73,
        type: 3}
      propertyPath: m_LocalPosition.x
      value: 5.974004
      objectReference: {fileID: 0}
    - target: {fileID: 1860900555161326734, guid: 62017accfbdf4dd49a9699ad338d0c73,
        type: 3}
      propertyPath: m_LocalPosition.y
      value: -3.0794792
      objectReference: {fileID: 0}
    - target: {fileID: 1860900555161326734, guid: 62017accfbdf4dd49a9699ad338d0c73,
        type: 3}
      propertyPath: m_LocalPosition.z
      value: 2.461914
      objectReference: {fileID: 0}
    - target: {fileID: 1860900555161326734, guid: 62017accfbdf4dd49a9699ad338d0c73,
        type: 3}
      propertyPath: m_LocalRotation.x
      value: -0
      objectReference: {fileID: 0}
    - target: {fileID: 1860900555161326734, guid: 62017accfbdf4dd49a9699ad338d0c73,
        type: 3}
      propertyPath: m_LocalRotation.y
      value: -0
      objectReference: {fileID: 0}
    - target: {fileID: 1860900555161326734, guid: 62017accfbdf4dd49a9699ad338d0c73,
        type: 3}
      propertyPath: m_LocalRotation.z
      value: -0
      objectReference: {fileID: 0}
    - target: {fileID: 1860900555161326734, guid: 62017accfbdf4dd49a9699ad338d0c73,
        type: 3}
      propertyPath: m_LocalRotation.w
      value: 1
      objectReference: {fileID: 0}
    - target: {fileID: 1860900555161326734, guid: 62017accfbdf4dd49a9699ad338d0c73,
        type: 3}
      propertyPath: m_RootOrder
      value: 1
      objectReference: {fileID: 0}
    - target: {fileID: 1860900555161326734, guid: 62017accfbdf4dd49a9699ad338d0c73,
        type: 3}
      propertyPath: m_LocalEulerAnglesHint.x
      value: 0
      objectReference: {fileID: 0}
    - target: {fileID: 1860900555161326734, guid: 62017accfbdf4dd49a9699ad338d0c73,
        type: 3}
      propertyPath: m_LocalEulerAnglesHint.y
      value: 0
      objectReference: {fileID: 0}
    - target: {fileID: 1860900555161326734, guid: 62017accfbdf4dd49a9699ad338d0c73,
        type: 3}
      propertyPath: m_LocalEulerAnglesHint.z
      value: 0
      objectReference: {fileID: 0}
    m_RemovedComponents: []
  m_SourcePrefab: {fileID: 100100000, guid: 62017accfbdf4dd49a9699ad338d0c73, type: 3}
--- !u!114 &842895759 stripped
MonoBehaviour:
  m_CorrespondingSourceObject: {fileID: 6326449508079695815, guid: 01247f4142e866647913cc4a816bbae2,
    type: 3}
  m_PrefabInstance: {fileID: 142837246}
  m_PrefabAsset: {fileID: 0}
  m_GameObject: {fileID: 0}
  m_Enabled: 1
  m_EditorHideFlags: 0
  m_Script: {fileID: 11500000, guid: 260d3e419cb26614f91383dbee1ed401, type: 3}
  m_Name: 
  m_EditorClassIdentifier: 
--- !u!1001 &932640352
PrefabInstance:
  m_ObjectHideFlags: 0
  serializedVersion: 2
  m_Modification:
    m_TransformParent: {fileID: 623473096}
    m_Modifications:
    - target: {fileID: 1860900555161326723, guid: 62017accfbdf4dd49a9699ad338d0c73,
        type: 3}
      propertyPath: m_Name
      value: Tree (3)
      objectReference: {fileID: 0}
    - target: {fileID: 1860900555161326734, guid: 62017accfbdf4dd49a9699ad338d0c73,
        type: 3}
      propertyPath: m_LocalPosition.x
      value: -5.0122466
      objectReference: {fileID: 0}
    - target: {fileID: 1860900555161326734, guid: 62017accfbdf4dd49a9699ad338d0c73,
        type: 3}
      propertyPath: m_LocalPosition.y
      value: -4.8920255
      objectReference: {fileID: 0}
    - target: {fileID: 1860900555161326734, guid: 62017accfbdf4dd49a9699ad338d0c73,
        type: 3}
      propertyPath: m_LocalPosition.z
      value: 2.461914
      objectReference: {fileID: 0}
    - target: {fileID: 1860900555161326734, guid: 62017accfbdf4dd49a9699ad338d0c73,
        type: 3}
      propertyPath: m_LocalRotation.x
      value: -0
      objectReference: {fileID: 0}
    - target: {fileID: 1860900555161326734, guid: 62017accfbdf4dd49a9699ad338d0c73,
        type: 3}
      propertyPath: m_LocalRotation.y
      value: -0
      objectReference: {fileID: 0}
    - target: {fileID: 1860900555161326734, guid: 62017accfbdf4dd49a9699ad338d0c73,
        type: 3}
      propertyPath: m_LocalRotation.z
      value: -0
      objectReference: {fileID: 0}
    - target: {fileID: 1860900555161326734, guid: 62017accfbdf4dd49a9699ad338d0c73,
        type: 3}
      propertyPath: m_LocalRotation.w
      value: 1
      objectReference: {fileID: 0}
    - target: {fileID: 1860900555161326734, guid: 62017accfbdf4dd49a9699ad338d0c73,
        type: 3}
      propertyPath: m_RootOrder
      value: 2
      objectReference: {fileID: 0}
    - target: {fileID: 1860900555161326734, guid: 62017accfbdf4dd49a9699ad338d0c73,
        type: 3}
      propertyPath: m_LocalEulerAnglesHint.x
      value: 0
      objectReference: {fileID: 0}
    - target: {fileID: 1860900555161326734, guid: 62017accfbdf4dd49a9699ad338d0c73,
        type: 3}
      propertyPath: m_LocalEulerAnglesHint.y
      value: 0
      objectReference: {fileID: 0}
    - target: {fileID: 1860900555161326734, guid: 62017accfbdf4dd49a9699ad338d0c73,
        type: 3}
      propertyPath: m_LocalEulerAnglesHint.z
      value: 0
      objectReference: {fileID: 0}
    m_RemovedComponents: []
  m_SourcePrefab: {fileID: 100100000, guid: 62017accfbdf4dd49a9699ad338d0c73, type: 3}
--- !u!1 &945774651
GameObject:
  m_ObjectHideFlags: 0
  m_CorrespondingSourceObject: {fileID: 0}
  m_PrefabInstance: {fileID: 0}
  m_PrefabAsset: {fileID: 0}
  serializedVersion: 6
  m_Component:
  - component: {fileID: 945774652}
  m_Layer: 0
  m_Name: Pickups
  m_TagString: Untagged
  m_Icon: {fileID: 0}
  m_NavMeshLayer: 0
  m_StaticEditorFlags: 0
  m_IsActive: 1
--- !u!4 &945774652
Transform:
  m_ObjectHideFlags: 0
  m_CorrespondingSourceObject: {fileID: 0}
  m_PrefabInstance: {fileID: 0}
  m_PrefabAsset: {fileID: 0}
  m_GameObject: {fileID: 945774651}
  m_LocalRotation: {x: 0, y: 0, z: 0, w: 1}
  m_LocalPosition: {x: -0.04041494, y: 0.099112645, z: -2.461914}
  m_LocalScale: {x: 1, y: 1, z: 1}
  m_Children:
  - {fileID: 1817135302}
  - {fileID: 749531072}
  - {fileID: 1325262596}
  m_Father: {fileID: 0}
  m_RootOrder: 10
  m_LocalEulerAnglesHint: {x: 0, y: 0, z: 0}
--- !u!4 &963065132 stripped
Transform:
  m_CorrespondingSourceObject: {fileID: 494075698404716759, guid: ede320b1c1eb0c74abc950b8feecda0d,
    type: 3}
  m_PrefabInstance: {fileID: 494075698528896507}
  m_PrefabAsset: {fileID: 0}
--- !u!50 &1059171394 stripped
Rigidbody2D:
  m_CorrespondingSourceObject: {fileID: 4232421300436238895, guid: 3b4c4be973bfb464bb6c21962314f779,
    type: 3}
  m_PrefabInstance: {fileID: 1578048895}
  m_PrefabAsset: {fileID: 0}
--- !u!4 &1108482200 stripped
Transform:
  m_CorrespondingSourceObject: {fileID: 1860900555161326734, guid: 62017accfbdf4dd49a9699ad338d0c73,
    type: 3}
  m_PrefabInstance: {fileID: 661272997}
  m_PrefabAsset: {fileID: 0}
--- !u!4 &1122811400 stripped
Transform:
  m_CorrespondingSourceObject: {fileID: 1860900555161326734, guid: 62017accfbdf4dd49a9699ad338d0c73,
    type: 3}
  m_PrefabInstance: {fileID: 835889237}
  m_PrefabAsset: {fileID: 0}
--- !u!1001 &1151735886
PrefabInstance:
  m_ObjectHideFlags: 0
  serializedVersion: 2
  m_Modification:
    m_TransformParent: {fileID: 347037620}
    m_Modifications:
    - target: {fileID: 4232421300436238881, guid: 033135e243c25424f81164b83443bb35,
        type: 3}
      propertyPath: m_Name
      value: MachineGunner
      objectReference: {fileID: 0}
    - target: {fileID: 4232421300436238883, guid: 033135e243c25424f81164b83443bb35,
        type: 3}
      propertyPath: m_LocalPosition.x
      value: 3.2551854
      objectReference: {fileID: 0}
    - target: {fileID: 4232421300436238883, guid: 033135e243c25424f81164b83443bb35,
        type: 3}
      propertyPath: m_LocalPosition.y
      value: 3.8932748
      objectReference: {fileID: 0}
    - target: {fileID: 4232421300436238883, guid: 033135e243c25424f81164b83443bb35,
        type: 3}
      propertyPath: m_LocalPosition.z
      value: 1.9785156
      objectReference: {fileID: 0}
    - target: {fileID: 4232421300436238883, guid: 033135e243c25424f81164b83443bb35,
        type: 3}
      propertyPath: m_LocalRotation.x
      value: -0
      objectReference: {fileID: 0}
    - target: {fileID: 4232421300436238883, guid: 033135e243c25424f81164b83443bb35,
        type: 3}
      propertyPath: m_LocalRotation.y
      value: -0
      objectReference: {fileID: 0}
    - target: {fileID: 4232421300436238883, guid: 033135e243c25424f81164b83443bb35,
        type: 3}
      propertyPath: m_LocalRotation.z
      value: -0
      objectReference: {fileID: 0}
    - target: {fileID: 4232421300436238883, guid: 033135e243c25424f81164b83443bb35,
        type: 3}
      propertyPath: m_LocalRotation.w
      value: 1
      objectReference: {fileID: 0}
    - target: {fileID: 4232421300436238883, guid: 033135e243c25424f81164b83443bb35,
        type: 3}
      propertyPath: m_RootOrder
      value: 0
      objectReference: {fileID: 0}
    - target: {fileID: 4232421300436238883, guid: 033135e243c25424f81164b83443bb35,
        type: 3}
      propertyPath: m_LocalEulerAnglesHint.x
      value: 0
      objectReference: {fileID: 0}
    - target: {fileID: 4232421300436238883, guid: 033135e243c25424f81164b83443bb35,
        type: 3}
      propertyPath: m_LocalEulerAnglesHint.y
      value: 0
      objectReference: {fileID: 0}
    - target: {fileID: 4232421300436238883, guid: 033135e243c25424f81164b83443bb35,
        type: 3}
      propertyPath: m_LocalEulerAnglesHint.z
      value: 0
      objectReference: {fileID: 0}
    m_RemovedComponents: []
  m_SourcePrefab: {fileID: 100100000, guid: 033135e243c25424f81164b83443bb35, type: 3}
--- !u!1 &1292712444
GameObject:
  m_ObjectHideFlags: 0
  m_CorrespondingSourceObject: {fileID: 0}
  m_PrefabInstance: {fileID: 0}
  m_PrefabAsset: {fileID: 0}
  serializedVersion: 6
  m_Component:
  - component: {fileID: 1292712445}
  - component: {fileID: 1292712447}
  - component: {fileID: 1292712446}
  m_Layer: 0
  m_Name: Tilemap_Base
  m_TagString: Untagged
  m_Icon: {fileID: 0}
  m_NavMeshLayer: 0
  m_StaticEditorFlags: 0
  m_IsActive: 1
--- !u!4 &1292712445
Transform:
  m_ObjectHideFlags: 0
  m_CorrespondingSourceObject: {fileID: 0}
  m_PrefabInstance: {fileID: 0}
  m_PrefabAsset: {fileID: 0}
  m_GameObject: {fileID: 1292712444}
  m_LocalRotation: {x: -0, y: -0, z: -0, w: 1}
  m_LocalPosition: {x: 0, y: 0, z: 0}
  m_LocalScale: {x: 1, y: 1, z: 1}
  m_Children: []
  m_Father: {fileID: 1666814931}
  m_RootOrder: 0
  m_LocalEulerAnglesHint: {x: 0, y: 0, z: 0}
--- !u!483693784 &1292712446
TilemapRenderer:
  m_ObjectHideFlags: 0
  m_CorrespondingSourceObject: {fileID: 0}
  m_PrefabInstance: {fileID: 0}
  m_PrefabAsset: {fileID: 0}
  m_GameObject: {fileID: 1292712444}
  m_Enabled: 1
  m_CastShadows: 0
  m_ReceiveShadows: 0
  m_DynamicOccludee: 1
  m_MotionVectors: 1
  m_LightProbeUsage: 0
  m_ReflectionProbeUsage: 0
  m_RayTracingMode: 0
  m_RenderingLayerMask: 1
  m_RendererPriority: 0
  m_Materials:
  - {fileID: 10754, guid: 0000000000000000f000000000000000, type: 0}
  m_StaticBatchInfo:
    firstSubMesh: 0
    subMeshCount: 0
  m_StaticBatchRoot: {fileID: 0}
  m_ProbeAnchor: {fileID: 0}
  m_LightProbeVolumeOverride: {fileID: 0}
  m_ScaleInLightmap: 1
  m_ReceiveGI: 1
  m_PreserveUVs: 0
  m_IgnoreNormalsForChartDetection: 0
  m_ImportantGI: 0
  m_StitchLightmapSeams: 1
  m_SelectedEditorRenderState: 0
  m_MinimumChartSize: 4
  m_AutoUVMaxDistance: 0.5
  m_AutoUVMaxAngle: 89
  m_LightmapParameters: {fileID: 0}
  m_SortingLayerID: 0
  m_SortingLayer: 0
  m_SortingOrder: 0
  m_ChunkSize: {x: 32, y: 32, z: 32}
  m_ChunkCullingBounds: {x: 0, y: 0, z: 0}
  m_MaxChunkCount: 16
  m_MaxFrameAge: 16
  m_SortOrder: 0
  m_Mode: 0
  m_DetectChunkCullingBounds: 0
  m_MaskInteraction: 0
--- !u!1839735485 &1292712447
Tilemap:
  m_ObjectHideFlags: 0
  m_CorrespondingSourceObject: {fileID: 0}
  m_PrefabInstance: {fileID: 0}
  m_PrefabAsset: {fileID: 0}
  m_GameObject: {fileID: 1292712444}
  m_Enabled: 1
  m_Tiles:
  - first: {x: -16, y: -3, z: 0}
    second:
      serializedVersion: 2
      m_TileIndex: 10
      m_TileSpriteIndex: 10
      m_TileMatrixIndex: 0
      m_TileColorIndex: 0
      m_TileObjectToInstantiateIndex: 65535
      m_AllTileFlags: 1073741825
  - first: {x: -15, y: -3, z: 0}
    second:
      serializedVersion: 2
      m_TileIndex: 10
      m_TileSpriteIndex: 10
      m_TileMatrixIndex: 0
      m_TileColorIndex: 0
      m_TileObjectToInstantiateIndex: 65535
      m_AllTileFlags: 1073741825
  - first: {x: -14, y: -3, z: 0}
    second:
      serializedVersion: 2
      m_TileIndex: 10
      m_TileSpriteIndex: 10
      m_TileMatrixIndex: 0
      m_TileColorIndex: 0
      m_TileObjectToInstantiateIndex: 65535
      m_AllTileFlags: 1073741825
  - first: {x: -13, y: -3, z: 0}
    second:
      serializedVersion: 2
      m_TileIndex: 10
      m_TileSpriteIndex: 10
      m_TileMatrixIndex: 0
      m_TileColorIndex: 0
      m_TileObjectToInstantiateIndex: 65535
      m_AllTileFlags: 1073741825
  - first: {x: -12, y: -3, z: 0}
    second:
      serializedVersion: 2
      m_TileIndex: 10
      m_TileSpriteIndex: 10
      m_TileMatrixIndex: 0
      m_TileColorIndex: 0
      m_TileObjectToInstantiateIndex: 65535
      m_AllTileFlags: 1073741825
  - first: {x: -11, y: -3, z: 0}
    second:
      serializedVersion: 2
      m_TileIndex: 10
      m_TileSpriteIndex: 10
      m_TileMatrixIndex: 0
      m_TileColorIndex: 0
      m_TileObjectToInstantiateIndex: 65535
      m_AllTileFlags: 1073741825
  - first: {x: -10, y: -3, z: 0}
    second:
      serializedVersion: 2
      m_TileIndex: 10
      m_TileSpriteIndex: 10
      m_TileMatrixIndex: 0
      m_TileColorIndex: 0
      m_TileObjectToInstantiateIndex: 65535
      m_AllTileFlags: 1073741825
  - first: {x: -9, y: -3, z: 0}
    second:
      serializedVersion: 2
      m_TileIndex: 10
      m_TileSpriteIndex: 10
      m_TileMatrixIndex: 0
      m_TileColorIndex: 0
      m_TileObjectToInstantiateIndex: 65535
      m_AllTileFlags: 1073741825
  - first: {x: -8, y: -3, z: 0}
    second:
      serializedVersion: 2
      m_TileIndex: 10
      m_TileSpriteIndex: 10
      m_TileMatrixIndex: 0
      m_TileColorIndex: 0
      m_TileObjectToInstantiateIndex: 65535
      m_AllTileFlags: 1073741825
  - first: {x: -7, y: -3, z: 0}
    second:
      serializedVersion: 2
      m_TileIndex: 10
      m_TileSpriteIndex: 10
      m_TileMatrixIndex: 0
      m_TileColorIndex: 0
      m_TileObjectToInstantiateIndex: 65535
      m_AllTileFlags: 1073741825
  - first: {x: -6, y: -3, z: 0}
    second:
      serializedVersion: 2
      m_TileIndex: 10
      m_TileSpriteIndex: 10
      m_TileMatrixIndex: 0
      m_TileColorIndex: 0
      m_TileObjectToInstantiateIndex: 65535
      m_AllTileFlags: 1073741825
  - first: {x: -5, y: -3, z: 0}
    second:
      serializedVersion: 2
      m_TileIndex: 10
      m_TileSpriteIndex: 10
      m_TileMatrixIndex: 0
      m_TileColorIndex: 0
      m_TileObjectToInstantiateIndex: 65535
      m_AllTileFlags: 1073741825
  - first: {x: -4, y: -3, z: 0}
    second:
      serializedVersion: 2
      m_TileIndex: 10
      m_TileSpriteIndex: 10
      m_TileMatrixIndex: 0
      m_TileColorIndex: 0
      m_TileObjectToInstantiateIndex: 65535
      m_AllTileFlags: 1073741825
  - first: {x: -3, y: -3, z: 0}
    second:
      serializedVersion: 2
      m_TileIndex: 10
      m_TileSpriteIndex: 10
      m_TileMatrixIndex: 0
      m_TileColorIndex: 0
      m_TileObjectToInstantiateIndex: 65535
      m_AllTileFlags: 1073741825
  - first: {x: -2, y: -3, z: 0}
    second:
      serializedVersion: 2
      m_TileIndex: 10
      m_TileSpriteIndex: 10
      m_TileMatrixIndex: 0
      m_TileColorIndex: 0
      m_TileObjectToInstantiateIndex: 65535
      m_AllTileFlags: 1073741825
  - first: {x: -1, y: -3, z: 0}
    second:
      serializedVersion: 2
      m_TileIndex: 10
      m_TileSpriteIndex: 10
      m_TileMatrixIndex: 0
      m_TileColorIndex: 0
      m_TileObjectToInstantiateIndex: 65535
      m_AllTileFlags: 1073741825
  - first: {x: 0, y: -3, z: 0}
    second:
      serializedVersion: 2
      m_TileIndex: 10
      m_TileSpriteIndex: 10
      m_TileMatrixIndex: 0
      m_TileColorIndex: 0
      m_TileObjectToInstantiateIndex: 65535
      m_AllTileFlags: 1073741825
  - first: {x: 1, y: -3, z: 0}
    second:
      serializedVersion: 2
      m_TileIndex: 10
      m_TileSpriteIndex: 10
      m_TileMatrixIndex: 0
      m_TileColorIndex: 0
      m_TileObjectToInstantiateIndex: 65535
      m_AllTileFlags: 1073741825
  - first: {x: 2, y: -3, z: 0}
    second:
      serializedVersion: 2
      m_TileIndex: 10
      m_TileSpriteIndex: 10
      m_TileMatrixIndex: 0
      m_TileColorIndex: 0
      m_TileObjectToInstantiateIndex: 65535
      m_AllTileFlags: 1073741825
  - first: {x: 3, y: -3, z: 0}
    second:
      serializedVersion: 2
      m_TileIndex: 10
      m_TileSpriteIndex: 10
      m_TileMatrixIndex: 0
      m_TileColorIndex: 0
      m_TileObjectToInstantiateIndex: 65535
      m_AllTileFlags: 1073741825
  - first: {x: 4, y: -3, z: 0}
    second:
      serializedVersion: 2
      m_TileIndex: 10
      m_TileSpriteIndex: 10
      m_TileMatrixIndex: 0
      m_TileColorIndex: 0
      m_TileObjectToInstantiateIndex: 65535
      m_AllTileFlags: 1073741825
  - first: {x: 5, y: -3, z: 0}
    second:
      serializedVersion: 2
      m_TileIndex: 10
      m_TileSpriteIndex: 10
      m_TileMatrixIndex: 0
      m_TileColorIndex: 0
      m_TileObjectToInstantiateIndex: 65535
      m_AllTileFlags: 1073741825
  - first: {x: 6, y: -3, z: 0}
    second:
      serializedVersion: 2
      m_TileIndex: 10
      m_TileSpriteIndex: 10
      m_TileMatrixIndex: 0
      m_TileColorIndex: 0
      m_TileObjectToInstantiateIndex: 65535
      m_AllTileFlags: 1073741825
  - first: {x: 7, y: -3, z: 0}
    second:
      serializedVersion: 2
      m_TileIndex: 10
      m_TileSpriteIndex: 10
      m_TileMatrixIndex: 0
      m_TileColorIndex: 0
      m_TileObjectToInstantiateIndex: 65535
      m_AllTileFlags: 1073741825
  - first: {x: 8, y: -3, z: 0}
    second:
      serializedVersion: 2
      m_TileIndex: 10
      m_TileSpriteIndex: 10
      m_TileMatrixIndex: 0
      m_TileColorIndex: 0
      m_TileObjectToInstantiateIndex: 65535
      m_AllTileFlags: 1073741825
  - first: {x: 9, y: -3, z: 0}
    second:
      serializedVersion: 2
      m_TileIndex: 10
      m_TileSpriteIndex: 10
      m_TileMatrixIndex: 0
      m_TileColorIndex: 0
      m_TileObjectToInstantiateIndex: 65535
      m_AllTileFlags: 1073741825
  - first: {x: 10, y: -3, z: 0}
    second:
      serializedVersion: 2
      m_TileIndex: 10
      m_TileSpriteIndex: 10
      m_TileMatrixIndex: 0
      m_TileColorIndex: 0
      m_TileObjectToInstantiateIndex: 65535
      m_AllTileFlags: 1073741825
  - first: {x: 11, y: -3, z: 0}
    second:
      serializedVersion: 2
      m_TileIndex: 10
      m_TileSpriteIndex: 10
      m_TileMatrixIndex: 0
      m_TileColorIndex: 0
      m_TileObjectToInstantiateIndex: 65535
      m_AllTileFlags: 1073741825
  - first: {x: 12, y: -3, z: 0}
    second:
      serializedVersion: 2
      m_TileIndex: 10
      m_TileSpriteIndex: 10
      m_TileMatrixIndex: 0
      m_TileColorIndex: 0
      m_TileObjectToInstantiateIndex: 65535
      m_AllTileFlags: 1073741825
  - first: {x: 13, y: -3, z: 0}
    second:
      serializedVersion: 2
      m_TileIndex: 10
      m_TileSpriteIndex: 10
      m_TileMatrixIndex: 0
      m_TileColorIndex: 0
      m_TileObjectToInstantiateIndex: 65535
      m_AllTileFlags: 1073741825
  - first: {x: 14, y: -3, z: 0}
    second:
      serializedVersion: 2
      m_TileIndex: 10
      m_TileSpriteIndex: 10
      m_TileMatrixIndex: 0
      m_TileColorIndex: 0
      m_TileObjectToInstantiateIndex: 65535
      m_AllTileFlags: 1073741825
  - first: {x: 15, y: -3, z: 0}
    second:
      serializedVersion: 2
      m_TileIndex: 10
      m_TileSpriteIndex: 10
      m_TileMatrixIndex: 0
      m_TileColorIndex: 0
      m_TileObjectToInstantiateIndex: 65535
      m_AllTileFlags: 1073741825
  - first: {x: -8, y: -1, z: 0}
    second:
      serializedVersion: 2
      m_TileIndex: 8
      m_TileSpriteIndex: 8
      m_TileMatrixIndex: 0
      m_TileColorIndex: 0
      m_TileObjectToInstantiateIndex: 65535
      m_AllTileFlags: 1073741825
  - first: {x: -7, y: -1, z: 0}
    second:
      serializedVersion: 2
      m_TileIndex: 6
      m_TileSpriteIndex: 6
      m_TileMatrixIndex: 0
      m_TileColorIndex: 0
      m_TileObjectToInstantiateIndex: 65535
      m_AllTileFlags: 1073741825
  - first: {x: -6, y: -1, z: 0}
    second:
      serializedVersion: 2
      m_TileIndex: 6
      m_TileSpriteIndex: 6
      m_TileMatrixIndex: 0
      m_TileColorIndex: 0
      m_TileObjectToInstantiateIndex: 65535
      m_AllTileFlags: 1073741825
  - first: {x: -5, y: -1, z: 0}
    second:
      serializedVersion: 2
      m_TileIndex: 7
      m_TileSpriteIndex: 7
      m_TileMatrixIndex: 0
      m_TileColorIndex: 0
      m_TileObjectToInstantiateIndex: 65535
      m_AllTileFlags: 1073741825
  - first: {x: -8, y: 0, z: 0}
    second:
      serializedVersion: 2
      m_TileIndex: 0
      m_TileSpriteIndex: 0
      m_TileMatrixIndex: 0
      m_TileColorIndex: 0
      m_TileObjectToInstantiateIndex: 65535
      m_AllTileFlags: 1073741825
  - first: {x: -7, y: 0, z: 0}
    second:
      serializedVersion: 2
      m_TileIndex: 2
      m_TileSpriteIndex: 2
      m_TileMatrixIndex: 0
      m_TileColorIndex: 0
      m_TileObjectToInstantiateIndex: 65535
      m_AllTileFlags: 1073741825
  - first: {x: -6, y: 0, z: 0}
    second:
      serializedVersion: 2
      m_TileIndex: 2
      m_TileSpriteIndex: 2
      m_TileMatrixIndex: 0
      m_TileColorIndex: 0
      m_TileObjectToInstantiateIndex: 65535
      m_AllTileFlags: 1073741825
  - first: {x: -5, y: 0, z: 0}
    second:
      serializedVersion: 2
      m_TileIndex: 1
      m_TileSpriteIndex: 1
      m_TileMatrixIndex: 0
      m_TileColorIndex: 0
      m_TileObjectToInstantiateIndex: 65535
      m_AllTileFlags: 1073741825
  - first: {x: -8, y: 1, z: 0}
    second:
      serializedVersion: 2
      m_TileIndex: 0
      m_TileSpriteIndex: 0
      m_TileMatrixIndex: 0
      m_TileColorIndex: 0
      m_TileObjectToInstantiateIndex: 65535
      m_AllTileFlags: 1073741825
  - first: {x: -7, y: 1, z: 0}
    second:
      serializedVersion: 2
      m_TileIndex: 2
      m_TileSpriteIndex: 2
      m_TileMatrixIndex: 0
      m_TileColorIndex: 0
      m_TileObjectToInstantiateIndex: 65535
      m_AllTileFlags: 1073741825
  - first: {x: -6, y: 1, z: 0}
    second:
      serializedVersion: 2
      m_TileIndex: 2
      m_TileSpriteIndex: 2
      m_TileMatrixIndex: 0
      m_TileColorIndex: 0
      m_TileObjectToInstantiateIndex: 65535
      m_AllTileFlags: 1073741825
  - first: {x: -5, y: 1, z: 0}
    second:
      serializedVersion: 2
      m_TileIndex: 1
      m_TileSpriteIndex: 1
      m_TileMatrixIndex: 0
      m_TileColorIndex: 0
      m_TileObjectToInstantiateIndex: 65535
      m_AllTileFlags: 1073741825
  - first: {x: -8, y: 2, z: 0}
    second:
      serializedVersion: 2
      m_TileIndex: 0
      m_TileSpriteIndex: 0
      m_TileMatrixIndex: 0
      m_TileColorIndex: 0
      m_TileObjectToInstantiateIndex: 65535
      m_AllTileFlags: 1073741825
  - first: {x: -7, y: 2, z: 0}
    second:
      serializedVersion: 2
      m_TileIndex: 2
      m_TileSpriteIndex: 2
      m_TileMatrixIndex: 0
      m_TileColorIndex: 0
      m_TileObjectToInstantiateIndex: 65535
      m_AllTileFlags: 1073741825
  - first: {x: -6, y: 2, z: 0}
    second:
      serializedVersion: 2
      m_TileIndex: 2
      m_TileSpriteIndex: 2
      m_TileMatrixIndex: 0
      m_TileColorIndex: 0
      m_TileObjectToInstantiateIndex: 65535
      m_AllTileFlags: 1073741825
  - first: {x: -5, y: 2, z: 0}
    second:
      serializedVersion: 2
      m_TileIndex: 1
      m_TileSpriteIndex: 1
      m_TileMatrixIndex: 0
      m_TileColorIndex: 0
      m_TileObjectToInstantiateIndex: 65535
      m_AllTileFlags: 1073741825
  - first: {x: 3, y: 2, z: 0}
    second:
      serializedVersion: 2
      m_TileIndex: 8
      m_TileSpriteIndex: 8
      m_TileMatrixIndex: 0
      m_TileColorIndex: 0
      m_TileObjectToInstantiateIndex: 65535
      m_AllTileFlags: 1073741825
  - first: {x: 4, y: 2, z: 0}
    second:
      serializedVersion: 2
      m_TileIndex: 6
      m_TileSpriteIndex: 6
      m_TileMatrixIndex: 0
      m_TileColorIndex: 0
      m_TileObjectToInstantiateIndex: 65535
      m_AllTileFlags: 1073741825
  - first: {x: 5, y: 2, z: 0}
    second:
      serializedVersion: 2
      m_TileIndex: 7
      m_TileSpriteIndex: 7
      m_TileMatrixIndex: 0
      m_TileColorIndex: 0
      m_TileObjectToInstantiateIndex: 65535
      m_AllTileFlags: 1073741825
  - first: {x: -8, y: 3, z: 0}
    second:
      serializedVersion: 2
      m_TileIndex: 0
      m_TileSpriteIndex: 0
      m_TileMatrixIndex: 0
      m_TileColorIndex: 0
      m_TileObjectToInstantiateIndex: 65535
      m_AllTileFlags: 1073741825
  - first: {x: -7, y: 3, z: 0}
    second:
      serializedVersion: 2
      m_TileIndex: 2
      m_TileSpriteIndex: 2
      m_TileMatrixIndex: 0
      m_TileColorIndex: 0
      m_TileObjectToInstantiateIndex: 65535
      m_AllTileFlags: 1073741825
  - first: {x: -6, y: 3, z: 0}
    second:
      serializedVersion: 2
      m_TileIndex: 2
      m_TileSpriteIndex: 2
      m_TileMatrixIndex: 0
      m_TileColorIndex: 0
      m_TileObjectToInstantiateIndex: 65535
      m_AllTileFlags: 1073741825
  - first: {x: -5, y: 3, z: 0}
    second:
      serializedVersion: 2
      m_TileIndex: 1
      m_TileSpriteIndex: 1
      m_TileMatrixIndex: 0
      m_TileColorIndex: 0
      m_TileObjectToInstantiateIndex: 65535
      m_AllTileFlags: 1073741825
  - first: {x: 3, y: 3, z: 0}
    second:
      serializedVersion: 2
      m_TileIndex: 0
      m_TileSpriteIndex: 0
      m_TileMatrixIndex: 0
      m_TileColorIndex: 0
      m_TileObjectToInstantiateIndex: 65535
      m_AllTileFlags: 1073741825
  - first: {x: 4, y: 3, z: 0}
    second:
      serializedVersion: 2
      m_TileIndex: 2
      m_TileSpriteIndex: 2
      m_TileMatrixIndex: 0
      m_TileColorIndex: 0
      m_TileObjectToInstantiateIndex: 65535
      m_AllTileFlags: 1073741825
  - first: {x: 5, y: 3, z: 0}
    second:
      serializedVersion: 2
      m_TileIndex: 1
      m_TileSpriteIndex: 1
      m_TileMatrixIndex: 0
      m_TileColorIndex: 0
      m_TileObjectToInstantiateIndex: 65535
      m_AllTileFlags: 1073741825
  - first: {x: -8, y: 4, z: 0}
    second:
      serializedVersion: 2
      m_TileIndex: 5
      m_TileSpriteIndex: 5
      m_TileMatrixIndex: 0
      m_TileColorIndex: 0
      m_TileObjectToInstantiateIndex: 65535
      m_AllTileFlags: 1073741825
  - first: {x: -7, y: 4, z: 0}
    second:
      serializedVersion: 2
      m_TileIndex: 3
      m_TileSpriteIndex: 3
      m_TileMatrixIndex: 0
      m_TileColorIndex: 0
      m_TileObjectToInstantiateIndex: 65535
      m_AllTileFlags: 1073741825
  - first: {x: -6, y: 4, z: 0}
    second:
      serializedVersion: 2
      m_TileIndex: 3
      m_TileSpriteIndex: 3
      m_TileMatrixIndex: 0
      m_TileColorIndex: 0
      m_TileObjectToInstantiateIndex: 65535
      m_AllTileFlags: 1073741825
  - first: {x: -5, y: 4, z: 0}
    second:
      serializedVersion: 2
      m_TileIndex: 4
      m_TileSpriteIndex: 4
      m_TileMatrixIndex: 0
      m_TileColorIndex: 0
      m_TileObjectToInstantiateIndex: 65535
      m_AllTileFlags: 1073741825
  - first: {x: 3, y: 4, z: 0}
    second:
      serializedVersion: 2
      m_TileIndex: 5
      m_TileSpriteIndex: 5
      m_TileMatrixIndex: 0
      m_TileColorIndex: 0
      m_TileObjectToInstantiateIndex: 65535
      m_AllTileFlags: 1073741825
  - first: {x: 4, y: 4, z: 0}
    second:
      serializedVersion: 2
      m_TileIndex: 3
      m_TileSpriteIndex: 3
      m_TileMatrixIndex: 0
      m_TileColorIndex: 0
      m_TileObjectToInstantiateIndex: 65535
      m_AllTileFlags: 1073741825
  - first: {x: 5, y: 4, z: 0}
    second:
      serializedVersion: 2
      m_TileIndex: 4
      m_TileSpriteIndex: 4
      m_TileMatrixIndex: 0
      m_TileColorIndex: 0
      m_TileObjectToInstantiateIndex: 65535
      m_AllTileFlags: 1073741825
  m_AnimatedTiles: {}
  m_TileAssetArray:
  - m_RefCount: 5
    m_Data: {fileID: 11400000, guid: 2f2a9f3d53397144d86d49dd03078107, type: 2}
  - m_RefCount: 5
    m_Data: {fileID: 11400000, guid: d98d9eea1187a1c4ca64a6f420213b03, type: 2}
  - m_RefCount: 9
    m_Data: {fileID: 11400000, guid: b634ebb3386f4aa42905bebae016d708, type: 2}
  - m_RefCount: 3
    m_Data: {fileID: 11400000, guid: 35edbacbd381cb449849dd11c94a8de8, type: 2}
  - m_RefCount: 2
    m_Data: {fileID: 11400000, guid: fb24257c7d0246d43903993109895d5a, type: 2}
  - m_RefCount: 2
    m_Data: {fileID: 11400000, guid: c3a4b73a7bb48274ba6c49d0edbdbb68, type: 2}
  - m_RefCount: 3
    m_Data: {fileID: 11400000, guid: 810011e78ea59064b9ab0d90f65cf859, type: 2}
  - m_RefCount: 2
    m_Data: {fileID: 11400000, guid: 1b757d1954e4ec74c9238b163ae46674, type: 2}
  - m_RefCount: 2
    m_Data: {fileID: 11400000, guid: 035fd5d9a6cb1ae4e9c1e96938c0be46, type: 2}
  - m_RefCount: 0
    m_Data: {fileID: 0}
  - m_RefCount: 32
    m_Data: {fileID: 11400000, guid: df9ca7770cc545b45abf73803a2ec36f, type: 2}
  m_TileSpriteArray:
  - m_RefCount: 5
    m_Data: {fileID: 8012623958563081705, guid: 3e7f9558c77f13c4f964dbb6551a50f7,
      type: 3}
  - m_RefCount: 5
    m_Data: {fileID: 6462830607206365139, guid: 3e7f9558c77f13c4f964dbb6551a50f7,
      type: 3}
  - m_RefCount: 9
    m_Data: {fileID: 1571137516992755691, guid: 3e7f9558c77f13c4f964dbb6551a50f7,
      type: 3}
  - m_RefCount: 3
    m_Data: {fileID: 8120972246697074895, guid: 3e7f9558c77f13c4f964dbb6551a50f7,
      type: 3}
  - m_RefCount: 2
    m_Data: {fileID: 7169890710548906829, guid: 3e7f9558c77f13c4f964dbb6551a50f7,
      type: 3}
  - m_RefCount: 2
    m_Data: {fileID: -6426624995153825321, guid: 3e7f9558c77f13c4f964dbb6551a50f7,
      type: 3}
  - m_RefCount: 3
    m_Data: {fileID: 3457729442715831938, guid: 3e7f9558c77f13c4f964dbb6551a50f7,
      type: 3}
  - m_RefCount: 2
    m_Data: {fileID: -4322172922757512391, guid: 3e7f9558c77f13c4f964dbb6551a50f7,
      type: 3}
  - m_RefCount: 2
    m_Data: {fileID: -7986983858184565836, guid: 3e7f9558c77f13c4f964dbb6551a50f7,
      type: 3}
  - m_RefCount: 0
    m_Data: {fileID: 0}
  - m_RefCount: 32
    m_Data: {fileID: -2874934066276540474, guid: 3e7f9558c77f13c4f964dbb6551a50f7,
      type: 3}
  m_TileMatrixArray:
  - m_RefCount: 65
    m_Data:
      e00: 1
      e01: 0
      e02: 0
      e03: 0
      e10: 0
      e11: 1
      e12: 0
      e13: 0
      e20: 0
      e21: 0
      e22: 1
      e23: 0
      e30: 0
      e31: 0
      e32: 0
      e33: 1
  m_TileColorArray:
  - m_RefCount: 65
    m_Data: {r: 1, g: 1, b: 1, a: 1}
  m_TileObjectToInstantiateArray: []
  m_AnimationFrameRate: 1
  m_Color: {r: 1, g: 1, b: 1, a: 1}
  m_Origin: {x: -16, y: -4, z: 0}
  m_Size: {x: 32, y: 9, z: 1}
  m_TileAnchor: {x: 0.5, y: 0.5, z: 0}
  m_TileOrientation: 0
  m_TileOrientationMatrix:
    e00: 1
    e01: 0
    e02: 0
    e03: 0
    e10: 0
    e11: 1
    e12: 0
    e13: 0
    e20: 0
    e21: 0
    e22: 1
    e23: 0
    e30: 0
    e31: 0
    e32: 0
    e33: 1
--- !u!4 &1325262596 stripped
Transform:
  m_CorrespondingSourceObject: {fileID: 6842428290362671417, guid: 1b3e6968e0e87e94c840b2b7bf97d261,
    type: 3}
  m_PrefabInstance: {fileID: 8529044182257664092}
  m_PrefabAsset: {fileID: 0}
--- !u!4 &1353948462 stripped
Transform:
  m_CorrespondingSourceObject: {fileID: 4232421300436238883, guid: 3b4c4be973bfb464bb6c21962314f779,
    type: 3}
  m_PrefabInstance: {fileID: 1578048895}
  m_PrefabAsset: {fileID: 0}
--- !u!4 &1365608202 stripped
Transform:
  m_CorrespondingSourceObject: {fileID: 1860900555161326734, guid: 62017accfbdf4dd49a9699ad338d0c73,
    type: 3}
  m_PrefabInstance: {fileID: 1860900556522017668}
  m_PrefabAsset: {fileID: 0}
--- !u!4 &1405458082 stripped
Transform:
  m_CorrespondingSourceObject: {fileID: 3407239778734402286, guid: 7890b9906b7f1d84d8d1a93ae085b108,
    type: 3}
  m_PrefabInstance: {fileID: 3407239777992244300}
  m_PrefabAsset: {fileID: 0}
--- !u!1001 &1576433014
PrefabInstance:
  m_ObjectHideFlags: 0
  serializedVersion: 2
  m_Modification:
    m_TransformParent: {fileID: 945774652}
    m_Modifications:
    - target: {fileID: 6842428290362671410, guid: 1b3e6968e0e87e94c840b2b7bf97d261,
        type: 3}
      propertyPath: m_Name
      value: Pickup_BabyBottle (1)
      objectReference: {fileID: 0}
    - target: {fileID: 6842428290362671417, guid: 1b3e6968e0e87e94c840b2b7bf97d261,
        type: 3}
      propertyPath: m_LocalPosition.x
      value: 4.6404147
      objectReference: {fileID: 0}
    - target: {fileID: 6842428290362671417, guid: 1b3e6968e0e87e94c840b2b7bf97d261,
        type: 3}
      propertyPath: m_LocalPosition.y
      value: 2.6308873
      objectReference: {fileID: 0}
    - target: {fileID: 6842428290362671417, guid: 1b3e6968e0e87e94c840b2b7bf97d261,
        type: 3}
      propertyPath: m_LocalPosition.z
      value: 2.461914
      objectReference: {fileID: 0}
    - target: {fileID: 6842428290362671417, guid: 1b3e6968e0e87e94c840b2b7bf97d261,
        type: 3}
      propertyPath: m_LocalRotation.x
      value: -0
      objectReference: {fileID: 0}
    - target: {fileID: 6842428290362671417, guid: 1b3e6968e0e87e94c840b2b7bf97d261,
        type: 3}
      propertyPath: m_LocalRotation.y
      value: -0
      objectReference: {fileID: 0}
    - target: {fileID: 6842428290362671417, guid: 1b3e6968e0e87e94c840b2b7bf97d261,
        type: 3}
      propertyPath: m_LocalRotation.z
      value: -0
      objectReference: {fileID: 0}
    - target: {fileID: 6842428290362671417, guid: 1b3e6968e0e87e94c840b2b7bf97d261,
        type: 3}
      propertyPath: m_LocalRotation.w
      value: 1
      objectReference: {fileID: 0}
    - target: {fileID: 6842428290362671417, guid: 1b3e6968e0e87e94c840b2b7bf97d261,
        type: 3}
      propertyPath: m_RootOrder
      value: 0
      objectReference: {fileID: 0}
    - target: {fileID: 6842428290362671417, guid: 1b3e6968e0e87e94c840b2b7bf97d261,
        type: 3}
      propertyPath: m_LocalEulerAnglesHint.x
      value: 0
      objectReference: {fileID: 0}
    - target: {fileID: 6842428290362671417, guid: 1b3e6968e0e87e94c840b2b7bf97d261,
        type: 3}
      propertyPath: m_LocalEulerAnglesHint.y
      value: 0
      objectReference: {fileID: 0}
    - target: {fileID: 6842428290362671417, guid: 1b3e6968e0e87e94c840b2b7bf97d261,
        type: 3}
      propertyPath: m_LocalEulerAnglesHint.z
      value: 0
      objectReference: {fileID: 0}
    m_RemovedComponents: []
  m_SourcePrefab: {fileID: 100100000, guid: 1b3e6968e0e87e94c840b2b7bf97d261, type: 3}
--- !u!1001 &1578048895
PrefabInstance:
  m_ObjectHideFlags: 0
  serializedVersion: 2
  m_Modification:
    m_TransformParent: {fileID: 347037620}
    m_Modifications:
    - target: {fileID: 4232421300436238881, guid: 3b4c4be973bfb464bb6c21962314f779,
        type: 3}
      propertyPath: m_Name
      value: MovingShooter
      objectReference: {fileID: 0}
    - target: {fileID: 4232421300436238883, guid: 3b4c4be973bfb464bb6c21962314f779,
        type: 3}
      propertyPath: m_LocalPosition.x
      value: -5.3395853
      objectReference: {fileID: 0}
    - target: {fileID: 4232421300436238883, guid: 3b4c4be973bfb464bb6c21962314f779,
        type: 3}
      propertyPath: m_LocalPosition.y
      value: 3.2608871
      objectReference: {fileID: 0}
    - target: {fileID: 4232421300436238883, guid: 3b4c4be973bfb464bb6c21962314f779,
        type: 3}
      propertyPath: m_LocalPosition.z
      value: 1.9785156
      objectReference: {fileID: 0}
    - target: {fileID: 4232421300436238883, guid: 3b4c4be973bfb464bb6c21962314f779,
        type: 3}
      propertyPath: m_LocalRotation.x
      value: -0
      objectReference: {fileID: 0}
    - target: {fileID: 4232421300436238883, guid: 3b4c4be973bfb464bb6c21962314f779,
        type: 3}
      propertyPath: m_LocalRotation.y
      value: -0
      objectReference: {fileID: 0}
    - target: {fileID: 4232421300436238883, guid: 3b4c4be973bfb464bb6c21962314f779,
        type: 3}
      propertyPath: m_LocalRotation.z
      value: -0
      objectReference: {fileID: 0}
    - target: {fileID: 4232421300436238883, guid: 3b4c4be973bfb464bb6c21962314f779,
        type: 3}
      propertyPath: m_LocalRotation.w
      value: 1
      objectReference: {fileID: 0}
    - target: {fileID: 4232421300436238883, guid: 3b4c4be973bfb464bb6c21962314f779,
        type: 3}
      propertyPath: m_RootOrder
      value: 1
      objectReference: {fileID: 0}
    - target: {fileID: 4232421300436238883, guid: 3b4c4be973bfb464bb6c21962314f779,
        type: 3}
      propertyPath: m_LocalEulerAnglesHint.x
      value: 0
      objectReference: {fileID: 0}
    - target: {fileID: 4232421300436238883, guid: 3b4c4be973bfb464bb6c21962314f779,
        type: 3}
      propertyPath: m_LocalEulerAnglesHint.y
      value: 0
      objectReference: {fileID: 0}
    - target: {fileID: 4232421300436238883, guid: 3b4c4be973bfb464bb6c21962314f779,
        type: 3}
      propertyPath: m_LocalEulerAnglesHint.z
      value: 0
      objectReference: {fileID: 0}
    - target: {fileID: 4232421300436238892, guid: 3b4c4be973bfb464bb6c21962314f779,
        type: 3}
      propertyPath: rb
      value: 
      objectReference: {fileID: 1059171394}
    - target: {fileID: 4232421300436238892, guid: 3b4c4be973bfb464bb6c21962314f779,
        type: 3}
      propertyPath: moveSpeed
      value: 3
      objectReference: {fileID: 0}
    - target: {fileID: 4232421300436238895, guid: 3b4c4be973bfb464bb6c21962314f779,
        type: 3}
      propertyPath: m_Constraints
      value: 4
      objectReference: {fileID: 0}
    m_RemovedComponents: []
  m_SourcePrefab: {fileID: 100100000, guid: 3b4c4be973bfb464bb6c21962314f779, type: 3}
--- !u!1001 &1636833105
PrefabInstance:
  m_ObjectHideFlags: 0
  serializedVersion: 2
  m_Modification:
    m_TransformParent: {fileID: 623473096}
    m_Modifications:
    - target: {fileID: 1860900555161326723, guid: 62017accfbdf4dd49a9699ad338d0c73,
        type: 3}
      propertyPath: m_Name
      value: Tree (2)
      objectReference: {fileID: 0}
    - target: {fileID: 1860900555161326734, guid: 62017accfbdf4dd49a9699ad338d0c73,
        type: 3}
      propertyPath: m_LocalPosition.x
      value: 3.1812043
      objectReference: {fileID: 0}
    - target: {fileID: 1860900555161326734, guid: 62017accfbdf4dd49a9699ad338d0c73,
        type: 3}
      propertyPath: m_LocalPosition.y
      value: 1.840289
      objectReference: {fileID: 0}
    - target: {fileID: 1860900555161326734, guid: 62017accfbdf4dd49a9699ad338d0c73,
        type: 3}
      propertyPath: m_LocalPosition.z
      value: 2.461914
      objectReference: {fileID: 0}
    - target: {fileID: 1860900555161326734, guid: 62017accfbdf4dd49a9699ad338d0c73,
        type: 3}
      propertyPath: m_LocalRotation.x
      value: -0
      objectReference: {fileID: 0}
    - target: {fileID: 1860900555161326734, guid: 62017accfbdf4dd49a9699ad338d0c73,
        type: 3}
      propertyPath: m_LocalRotation.y
      value: -0
      objectReference: {fileID: 0}
    - target: {fileID: 1860900555161326734, guid: 62017accfbdf4dd49a9699ad338d0c73,
        type: 3}
      propertyPath: m_LocalRotation.z
      value: -0
      objectReference: {fileID: 0}
    - target: {fileID: 1860900555161326734, guid: 62017accfbdf4dd49a9699ad338d0c73,
        type: 3}
      propertyPath: m_LocalRotation.w
      value: 1
      objectReference: {fileID: 0}
    - target: {fileID: 1860900555161326734, guid: 62017accfbdf4dd49a9699ad338d0c73,
        type: 3}
      propertyPath: m_RootOrder
      value: 3
      objectReference: {fileID: 0}
    - target: {fileID: 1860900555161326734, guid: 62017accfbdf4dd49a9699ad338d0c73,
        type: 3}
      propertyPath: m_LocalEulerAnglesHint.x
      value: 0
      objectReference: {fileID: 0}
    - target: {fileID: 1860900555161326734, guid: 62017accfbdf4dd49a9699ad338d0c73,
        type: 3}
      propertyPath: m_LocalEulerAnglesHint.y
      value: 0
      objectReference: {fileID: 0}
    - target: {fileID: 1860900555161326734, guid: 62017accfbdf4dd49a9699ad338d0c73,
        type: 3}
      propertyPath: m_LocalEulerAnglesHint.z
      value: 0
      objectReference: {fileID: 0}
    m_RemovedComponents: []
  m_SourcePrefab: {fileID: 100100000, guid: 62017accfbdf4dd49a9699ad338d0c73, type: 3}
--- !u!1 &1660906872 stripped
GameObject:
  m_CorrespondingSourceObject: {fileID: 2984790732651160449, guid: cbb20a56cd06e7745a9cd5eb27ed3f6e,
    type: 3}
  m_PrefabInstance: {fileID: 2141713287}
  m_PrefabAsset: {fileID: 0}
--- !u!114 &1660906873
MonoBehaviour:
  m_ObjectHideFlags: 0
  m_CorrespondingSourceObject: {fileID: 0}
  m_PrefabInstance: {fileID: 0}
  m_PrefabAsset: {fileID: 0}
  m_GameObject: {fileID: 1660906872}
  m_Enabled: 1
  m_EditorHideFlags: 0
  m_Script: {fileID: 11500000, guid: 6ba46964a4d9ea94f84f79883b2832cd, type: 3}
  m_Name: 
  m_EditorClassIdentifier: 
  BabyHealth: 30
  playerObject: {fileID: 842895759}
--- !u!1 &1666814929
GameObject:
  m_ObjectHideFlags: 0
  m_CorrespondingSourceObject: {fileID: 0}
  m_PrefabInstance: {fileID: 0}
  m_PrefabAsset: {fileID: 0}
  serializedVersion: 6
  m_Component:
  - component: {fileID: 1666814931}
  - component: {fileID: 1666814930}
  m_Layer: 0
  m_Name: Grid
  m_TagString: Untagged
  m_Icon: {fileID: 0}
  m_NavMeshLayer: 0
  m_StaticEditorFlags: 0
  m_IsActive: 1
--- !u!156049354 &1666814930
Grid:
  m_ObjectHideFlags: 0
  m_CorrespondingSourceObject: {fileID: 0}
  m_PrefabInstance: {fileID: 0}
  m_PrefabAsset: {fileID: 0}
  m_GameObject: {fileID: 1666814929}
  m_Enabled: 1
  m_CellSize: {x: 1, y: 1, z: 0}
  m_CellGap: {x: 0, y: 0, z: 0}
  m_CellLayout: 0
  m_CellSwizzle: 0
--- !u!4 &1666814931
Transform:
  m_ObjectHideFlags: 0
  m_CorrespondingSourceObject: {fileID: 0}
  m_PrefabInstance: {fileID: 0}
  m_PrefabAsset: {fileID: 0}
  m_GameObject: {fileID: 1666814929}
  m_LocalRotation: {x: 0, y: 0, z: 0, w: 1}
  m_LocalPosition: {x: 0, y: 0, z: 0}
  m_LocalScale: {x: 1, y: 1, z: 1}
  m_Children:
  - {fileID: 1292712445}
  m_Father: {fileID: 0}
  m_RootOrder: 8
  m_LocalEulerAnglesHint: {x: 0, y: 0, z: 0}
--- !u!1001 &1673288981
PrefabInstance:
  m_ObjectHideFlags: 0
  serializedVersion: 2
  m_Modification:
    m_TransformParent: {fileID: 945774652}
    m_Modifications:
    - target: {fileID: 2929714950604668053, guid: 7629154f185e60f4ca9dd2da985c5b14,
        type: 3}
      propertyPath: m_LocalPosition.x
      value: -4.53
      objectReference: {fileID: 0}
    - target: {fileID: 2929714950604668053, guid: 7629154f185e60f4ca9dd2da985c5b14,
        type: 3}
      propertyPath: m_LocalPosition.y
      value: 3.13
      objectReference: {fileID: 0}
    - target: {fileID: 2929714950604668053, guid: 7629154f185e60f4ca9dd2da985c5b14,
        type: 3}
      propertyPath: m_LocalPosition.z
      value: 2.461914
      objectReference: {fileID: 0}
    - target: {fileID: 2929714950604668053, guid: 7629154f185e60f4ca9dd2da985c5b14,
        type: 3}
      propertyPath: m_LocalRotation.x
      value: -0
      objectReference: {fileID: 0}
    - target: {fileID: 2929714950604668053, guid: 7629154f185e60f4ca9dd2da985c5b14,
        type: 3}
      propertyPath: m_LocalRotation.y
      value: -0
      objectReference: {fileID: 0}
    - target: {fileID: 2929714950604668053, guid: 7629154f185e60f4ca9dd2da985c5b14,
        type: 3}
      propertyPath: m_LocalRotation.z
      value: -0
      objectReference: {fileID: 0}
    - target: {fileID: 2929714950604668053, guid: 7629154f185e60f4ca9dd2da985c5b14,
        type: 3}
      propertyPath: m_LocalRotation.w
      value: 1
      objectReference: {fileID: 0}
    - target: {fileID: 2929714950604668053, guid: 7629154f185e60f4ca9dd2da985c5b14,
        type: 3}
      propertyPath: m_RootOrder
      value: 1
      objectReference: {fileID: 0}
    - target: {fileID: 2929714950604668053, guid: 7629154f185e60f4ca9dd2da985c5b14,
        type: 3}
      propertyPath: m_LocalEulerAnglesHint.x
      value: 0
      objectReference: {fileID: 0}
    - target: {fileID: 2929714950604668053, guid: 7629154f185e60f4ca9dd2da985c5b14,
        type: 3}
      propertyPath: m_LocalEulerAnglesHint.y
      value: 0
      objectReference: {fileID: 0}
    - target: {fileID: 2929714950604668053, guid: 7629154f185e60f4ca9dd2da985c5b14,
        type: 3}
      propertyPath: m_LocalEulerAnglesHint.z
      value: 0
      objectReference: {fileID: 0}
    - target: {fileID: 2929714950604668062, guid: 7629154f185e60f4ca9dd2da985c5b14,
        type: 3}
      propertyPath: m_Name
      value: Pickup_MachineGun (1)
      objectReference: {fileID: 0}
    m_RemovedComponents: []
  m_SourcePrefab: {fileID: 100100000, guid: 7629154f185e60f4ca9dd2da985c5b14, type: 3}
--- !u!4 &1817135302 stripped
Transform:
  m_CorrespondingSourceObject: {fileID: 6842428290362671417, guid: 1b3e6968e0e87e94c840b2b7bf97d261,
    type: 3}
  m_PrefabInstance: {fileID: 1576433014}
  m_PrefabAsset: {fileID: 0}
--- !u!4 &1817969884 stripped
Transform:
  m_CorrespondingSourceObject: {fileID: 1860900555161326734, guid: 62017accfbdf4dd49a9699ad338d0c73,
    type: 3}
  m_PrefabInstance: {fileID: 932640352}
  m_PrefabAsset: {fileID: 0}
--- !u!1 &1857851607 stripped
GameObject:
  m_CorrespondingSourceObject: {fileID: 3667774967321623834, guid: 9909ebf5fdb3e394582d1aede24e1ae1,
    type: 3}
  m_PrefabInstance: {fileID: 6335931595723491933}
  m_PrefabAsset: {fileID: 0}
--- !u!4 &2022679351 stripped
Transform:
  m_CorrespondingSourceObject: {fileID: 4232421300436238883, guid: 033135e243c25424f81164b83443bb35,
    type: 3}
  m_PrefabInstance: {fileID: 1151735886}
  m_PrefabAsset: {fileID: 0}
--- !u!4 &2051133929 stripped
Transform:
  m_CorrespondingSourceObject: {fileID: 3407239778734402286, guid: 7890b9906b7f1d84d8d1a93ae085b108,
    type: 3}
  m_PrefabInstance: {fileID: 29792590}
  m_PrefabAsset: {fileID: 0}
--- !u!1001 &2141713287
PrefabInstance:
  m_ObjectHideFlags: 0
  serializedVersion: 2
  m_Modification:
    m_TransformParent: {fileID: 0}
    m_Modifications:
    - target: {fileID: 2871006884749094586, guid: cbb20a56cd06e7745a9cd5eb27ed3f6e,
        type: 3}
      propertyPath: m_PlayOnAwake
      value: 0
      objectReference: {fileID: 0}
    - target: {fileID: 2871006884749094586, guid: cbb20a56cd06e7745a9cd5eb27ed3f6e,
        type: 3}
      propertyPath: Loop
      value: 1
      objectReference: {fileID: 0}
    - target: {fileID: 2984790732651160448, guid: cbb20a56cd06e7745a9cd5eb27ed3f6e,
        type: 3}
      propertyPath: pausedMusic
      value: 
      objectReference: {fileID: 110437111}
    - target: {fileID: 2984790732651160448, guid: cbb20a56cd06e7745a9cd5eb27ed3f6e,
        type: 3}
      propertyPath: pauseCanvas
      value: 
      objectReference: {fileID: 1857851607}
    - target: {fileID: 2984790732651160449, guid: cbb20a56cd06e7745a9cd5eb27ed3f6e,
        type: 3}
      propertyPath: m_Name
      value: Managers
      objectReference: {fileID: 0}
    - target: {fileID: 2984790732651160451, guid: cbb20a56cd06e7745a9cd5eb27ed3f6e,
        type: 3}
      propertyPath: m_LocalPosition.x
      value: 0
      objectReference: {fileID: 0}
    - target: {fileID: 2984790732651160451, guid: cbb20a56cd06e7745a9cd5eb27ed3f6e,
        type: 3}
      propertyPath: m_LocalPosition.y
      value: 0
      objectReference: {fileID: 0}
    - target: {fileID: 2984790732651160451, guid: cbb20a56cd06e7745a9cd5eb27ed3f6e,
        type: 3}
      propertyPath: m_LocalPosition.z
      value: 0
      objectReference: {fileID: 0}
    - target: {fileID: 2984790732651160451, guid: cbb20a56cd06e7745a9cd5eb27ed3f6e,
        type: 3}
      propertyPath: m_LocalRotation.x
      value: 0
      objectReference: {fileID: 0}
    - target: {fileID: 2984790732651160451, guid: cbb20a56cd06e7745a9cd5eb27ed3f6e,
        type: 3}
      propertyPath: m_LocalRotation.y
      value: 0
      objectReference: {fileID: 0}
    - target: {fileID: 2984790732651160451, guid: cbb20a56cd06e7745a9cd5eb27ed3f6e,
        type: 3}
      propertyPath: m_LocalRotation.z
      value: 0
      objectReference: {fileID: 0}
    - target: {fileID: 2984790732651160451, guid: cbb20a56cd06e7745a9cd5eb27ed3f6e,
        type: 3}
      propertyPath: m_LocalRotation.w
      value: 1
      objectReference: {fileID: 0}
    - target: {fileID: 2984790732651160451, guid: cbb20a56cd06e7745a9cd5eb27ed3f6e,
        type: 3}
      propertyPath: m_RootOrder
      value: 2
      objectReference: {fileID: 0}
    - target: {fileID: 2984790732651160451, guid: cbb20a56cd06e7745a9cd5eb27ed3f6e,
        type: 3}
      propertyPath: m_LocalEulerAnglesHint.x
      value: 0
      objectReference: {fileID: 0}
    - target: {fileID: 2984790732651160451, guid: cbb20a56cd06e7745a9cd5eb27ed3f6e,
        type: 3}
      propertyPath: m_LocalEulerAnglesHint.y
      value: 0
      objectReference: {fileID: 0}
    - target: {fileID: 2984790732651160451, guid: cbb20a56cd06e7745a9cd5eb27ed3f6e,
        type: 3}
      propertyPath: m_LocalEulerAnglesHint.z
      value: 0
      objectReference: {fileID: 0}
    m_RemovedComponents: []
  m_SourcePrefab: {fileID: 100100000, guid: cbb20a56cd06e7745a9cd5eb27ed3f6e, type: 3}
--- !u!1001 &2143686505
PrefabInstance:
  m_ObjectHideFlags: 0
  serializedVersion: 2
  m_Modification:
    m_TransformParent: {fileID: 0}
    m_Modifications:
    - target: {fileID: 4034544758724500680, guid: ceb13aa596c2c71498d4899921b1d86a,
        type: 3}
      propertyPath: m_LocalPosition.x
      value: 0
      objectReference: {fileID: 0}
    - target: {fileID: 4034544758724500680, guid: ceb13aa596c2c71498d4899921b1d86a,
        type: 3}
      propertyPath: m_LocalPosition.y
      value: 0
      objectReference: {fileID: 0}
    - target: {fileID: 4034544758724500680, guid: ceb13aa596c2c71498d4899921b1d86a,
        type: 3}
      propertyPath: m_LocalPosition.z
      value: 0
      objectReference: {fileID: 0}
    - target: {fileID: 4034544758724500680, guid: ceb13aa596c2c71498d4899921b1d86a,
        type: 3}
      propertyPath: m_LocalRotation.x
      value: 0
      objectReference: {fileID: 0}
    - target: {fileID: 4034544758724500680, guid: ceb13aa596c2c71498d4899921b1d86a,
        type: 3}
      propertyPath: m_LocalRotation.y
      value: 0
      objectReference: {fileID: 0}
    - target: {fileID: 4034544758724500680, guid: ceb13aa596c2c71498d4899921b1d86a,
        type: 3}
      propertyPath: m_LocalRotation.z
      value: 0
      objectReference: {fileID: 0}
    - target: {fileID: 4034544758724500680, guid: ceb13aa596c2c71498d4899921b1d86a,
        type: 3}
      propertyPath: m_LocalRotation.w
      value: 1
      objectReference: {fileID: 0}
    - target: {fileID: 4034544758724500680, guid: ceb13aa596c2c71498d4899921b1d86a,
        type: 3}
      propertyPath: m_RootOrder
      value: 4
      objectReference: {fileID: 0}
    - target: {fileID: 4034544758724500680, guid: ceb13aa596c2c71498d4899921b1d86a,
        type: 3}
      propertyPath: m_LocalEulerAnglesHint.x
      value: 0
      objectReference: {fileID: 0}
    - target: {fileID: 4034544758724500680, guid: ceb13aa596c2c71498d4899921b1d86a,
        type: 3}
      propertyPath: m_LocalEulerAnglesHint.y
      value: 0
      objectReference: {fileID: 0}
    - target: {fileID: 4034544758724500680, guid: ceb13aa596c2c71498d4899921b1d86a,
        type: 3}
      propertyPath: m_LocalEulerAnglesHint.z
      value: 0
      objectReference: {fileID: 0}
    - target: {fileID: 4034544758724500686, guid: ceb13aa596c2c71498d4899921b1d86a,
        type: 3}
      propertyPath: m_Name
      value: GrassBackground
      objectReference: {fileID: 0}
    m_RemovedComponents: []
  m_SourcePrefab: {fileID: 100100000, guid: ceb13aa596c2c71498d4899921b1d86a, type: 3}
--- !u!1001 &151241452911341956
PrefabInstance:
  m_ObjectHideFlags: 0
  serializedVersion: 2
  m_Modification:
    m_TransformParent: {fileID: 0}
    m_Modifications:
    - target: {fileID: 151241452638918384, guid: 575c749057c8c7e44aa9fe3ae21ea3ee,
        type: 3}
      propertyPath: m_Name
      value: MovingCamera
      objectReference: {fileID: 0}
    - target: {fileID: 151241452638918387, guid: 575c749057c8c7e44aa9fe3ae21ea3ee,
        type: 3}
      propertyPath: m_LocalPosition.x
      value: 0
      objectReference: {fileID: 0}
    - target: {fileID: 151241452638918387, guid: 575c749057c8c7e44aa9fe3ae21ea3ee,
        type: 3}
      propertyPath: m_LocalPosition.y
      value: 0
      objectReference: {fileID: 0}
    - target: {fileID: 151241452638918387, guid: 575c749057c8c7e44aa9fe3ae21ea3ee,
        type: 3}
      propertyPath: m_LocalPosition.z
      value: -10
      objectReference: {fileID: 0}
    - target: {fileID: 151241452638918387, guid: 575c749057c8c7e44aa9fe3ae21ea3ee,
        type: 3}
      propertyPath: m_LocalRotation.x
      value: 0
      objectReference: {fileID: 0}
    - target: {fileID: 151241452638918387, guid: 575c749057c8c7e44aa9fe3ae21ea3ee,
        type: 3}
      propertyPath: m_LocalRotation.y
      value: 0
      objectReference: {fileID: 0}
    - target: {fileID: 151241452638918387, guid: 575c749057c8c7e44aa9fe3ae21ea3ee,
        type: 3}
      propertyPath: m_LocalRotation.z
      value: 0
      objectReference: {fileID: 0}
    - target: {fileID: 151241452638918387, guid: 575c749057c8c7e44aa9fe3ae21ea3ee,
        type: 3}
      propertyPath: m_LocalRotation.w
      value: 1
      objectReference: {fileID: 0}
    - target: {fileID: 151241452638918387, guid: 575c749057c8c7e44aa9fe3ae21ea3ee,
        type: 3}
      propertyPath: m_RootOrder
      value: 0
      objectReference: {fileID: 0}
    - target: {fileID: 151241452638918387, guid: 575c749057c8c7e44aa9fe3ae21ea3ee,
        type: 3}
      propertyPath: m_LocalEulerAnglesHint.x
      value: 0
      objectReference: {fileID: 0}
    - target: {fileID: 151241452638918387, guid: 575c749057c8c7e44aa9fe3ae21ea3ee,
        type: 3}
      propertyPath: m_LocalEulerAnglesHint.y
      value: 0
      objectReference: {fileID: 0}
    - target: {fileID: 151241452638918387, guid: 575c749057c8c7e44aa9fe3ae21ea3ee,
        type: 3}
      propertyPath: m_LocalEulerAnglesHint.z
      value: 0
      objectReference: {fileID: 0}
    m_RemovedComponents: []
  m_SourcePrefab: {fileID: 100100000, guid: 575c749057c8c7e44aa9fe3ae21ea3ee, type: 3}
--- !u!1001 &494075698528896507
PrefabInstance:
  m_ObjectHideFlags: 0
  serializedVersion: 2
  m_Modification:
    m_TransformParent: {fileID: 623473096}
    m_Modifications:
    - target: {fileID: 494075698404716752, guid: ede320b1c1eb0c74abc950b8feecda0d,
        type: 3}
      propertyPath: m_Name
      value: Tree3
      objectReference: {fileID: 0}
    - target: {fileID: 494075698404716759, guid: ede320b1c1eb0c74abc950b8feecda0d,
        type: 3}
      propertyPath: m_LocalPosition.x
      value: -2.21
      objectReference: {fileID: 0}
    - target: {fileID: 494075698404716759, guid: ede320b1c1eb0c74abc950b8feecda0d,
        type: 3}
      propertyPath: m_LocalPosition.y
      value: -3.87
      objectReference: {fileID: 0}
    - target: {fileID: 494075698404716759, guid: ede320b1c1eb0c74abc950b8feecda0d,
        type: 3}
      propertyPath: m_LocalPosition.z
      value: 2.461914
      objectReference: {fileID: 0}
    - target: {fileID: 494075698404716759, guid: ede320b1c1eb0c74abc950b8feecda0d,
        type: 3}
      propertyPath: m_LocalRotation.x
      value: -0
      objectReference: {fileID: 0}
    - target: {fileID: 494075698404716759, guid: ede320b1c1eb0c74abc950b8feecda0d,
        type: 3}
      propertyPath: m_LocalRotation.y
      value: -0
      objectReference: {fileID: 0}
    - target: {fileID: 494075698404716759, guid: ede320b1c1eb0c74abc950b8feecda0d,
        type: 3}
      propertyPath: m_LocalRotation.z
      value: -0
      objectReference: {fileID: 0}
    - target: {fileID: 494075698404716759, guid: ede320b1c1eb0c74abc950b8feecda0d,
        type: 3}
      propertyPath: m_LocalRotation.w
      value: 1
      objectReference: {fileID: 0}
    - target: {fileID: 494075698404716759, guid: ede320b1c1eb0c74abc950b8feecda0d,
        type: 3}
      propertyPath: m_RootOrder
      value: 8
      objectReference: {fileID: 0}
    - target: {fileID: 494075698404716759, guid: ede320b1c1eb0c74abc950b8feecda0d,
        type: 3}
      propertyPath: m_LocalEulerAnglesHint.x
      value: 0
      objectReference: {fileID: 0}
    - target: {fileID: 494075698404716759, guid: ede320b1c1eb0c74abc950b8feecda0d,
        type: 3}
      propertyPath: m_LocalEulerAnglesHint.y
      value: 0
      objectReference: {fileID: 0}
    - target: {fileID: 494075698404716759, guid: ede320b1c1eb0c74abc950b8feecda0d,
        type: 3}
      propertyPath: m_LocalEulerAnglesHint.z
      value: 0
      objectReference: {fileID: 0}
    m_RemovedComponents: []
  m_SourcePrefab: {fileID: 100100000, guid: ede320b1c1eb0c74abc950b8feecda0d, type: 3}
--- !u!1001 &1860900556522017668
PrefabInstance:
  m_ObjectHideFlags: 0
  serializedVersion: 2
  m_Modification:
    m_TransformParent: {fileID: 623473096}
    m_Modifications:
    - target: {fileID: 1860900555161326723, guid: 62017accfbdf4dd49a9699ad338d0c73,
        type: 3}
      propertyPath: m_Name
      value: Tree
      objectReference: {fileID: 0}
    - target: {fileID: 1860900555161326723, guid: 62017accfbdf4dd49a9699ad338d0c73,
        type: 3}
      propertyPath: m_TagString
      value: Barrier
      objectReference: {fileID: 0}
    - target: {fileID: 1860900555161326734, guid: 62017accfbdf4dd49a9699ad338d0c73,
        type: 3}
      propertyPath: m_LocalPosition.x
      value: -5.3195853
      objectReference: {fileID: 0}
    - target: {fileID: 1860900555161326734, guid: 62017accfbdf4dd49a9699ad338d0c73,
        type: 3}
      propertyPath: m_LocalPosition.y
      value: 0.6208874
      objectReference: {fileID: 0}
    - target: {fileID: 1860900555161326734, guid: 62017accfbdf4dd49a9699ad338d0c73,
        type: 3}
      propertyPath: m_LocalPosition.z
      value: 2.461914
      objectReference: {fileID: 0}
    - target: {fileID: 1860900555161326734, guid: 62017accfbdf4dd49a9699ad338d0c73,
        type: 3}
      propertyPath: m_LocalRotation.x
      value: -0
      objectReference: {fileID: 0}
    - target: {fileID: 1860900555161326734, guid: 62017accfbdf4dd49a9699ad338d0c73,
        type: 3}
      propertyPath: m_LocalRotation.y
      value: -0
      objectReference: {fileID: 0}
    - target: {fileID: 1860900555161326734, guid: 62017accfbdf4dd49a9699ad338d0c73,
        type: 3}
      propertyPath: m_LocalRotation.z
      value: -0
      objectReference: {fileID: 0}
    - target: {fileID: 1860900555161326734, guid: 62017accfbdf4dd49a9699ad338d0c73,
        type: 3}
      propertyPath: m_LocalRotation.w
      value: 1
      objectReference: {fileID: 0}
    - target: {fileID: 1860900555161326734, guid: 62017accfbdf4dd49a9699ad338d0c73,
        type: 3}
      propertyPath: m_RootOrder
      value: 5
      objectReference: {fileID: 0}
    - target: {fileID: 1860900555161326734, guid: 62017accfbdf4dd49a9699ad338d0c73,
        type: 3}
      propertyPath: m_LocalEulerAnglesHint.x
      value: 0
      objectReference: {fileID: 0}
    - target: {fileID: 1860900555161326734, guid: 62017accfbdf4dd49a9699ad338d0c73,
        type: 3}
      propertyPath: m_LocalEulerAnglesHint.y
      value: 0
      objectReference: {fileID: 0}
    - target: {fileID: 1860900555161326734, guid: 62017accfbdf4dd49a9699ad338d0c73,
        type: 3}
      propertyPath: m_LocalEulerAnglesHint.z
      value: 0
      objectReference: {fileID: 0}
    m_RemovedComponents: []
  m_SourcePrefab: {fileID: 100100000, guid: 62017accfbdf4dd49a9699ad338d0c73, type: 3}
--- !u!1001 &3407239777992244300
PrefabInstance:
  m_ObjectHideFlags: 0
  serializedVersion: 2
  m_Modification:
    m_TransformParent: {fileID: 623473096}
    m_Modifications:
    - target: {fileID: 3407239778734402258, guid: 7890b9906b7f1d84d8d1a93ae085b108,
        type: 3}
      propertyPath: m_Name
      value: Tree2
      objectReference: {fileID: 0}
    - target: {fileID: 3407239778734402286, guid: 7890b9906b7f1d84d8d1a93ae085b108,
        type: 3}
      propertyPath: m_LocalPosition.x
      value: -0.8695851
      objectReference: {fileID: 0}
    - target: {fileID: 3407239778734402286, guid: 7890b9906b7f1d84d8d1a93ae085b108,
        type: 3}
      propertyPath: m_LocalPosition.y
      value: -0.33911264
      objectReference: {fileID: 0}
    - target: {fileID: 3407239778734402286, guid: 7890b9906b7f1d84d8d1a93ae085b108,
        type: 3}
      propertyPath: m_LocalPosition.z
      value: 2.461914
      objectReference: {fileID: 0}
    - target: {fileID: 3407239778734402286, guid: 7890b9906b7f1d84d8d1a93ae085b108,
        type: 3}
      propertyPath: m_LocalRotation.x
      value: -0
      objectReference: {fileID: 0}
    - target: {fileID: 3407239778734402286, guid: 7890b9906b7f1d84d8d1a93ae085b108,
        type: 3}
      propertyPath: m_LocalRotation.y
      value: -0
      objectReference: {fileID: 0}
    - target: {fileID: 3407239778734402286, guid: 7890b9906b7f1d84d8d1a93ae085b108,
        type: 3}
      propertyPath: m_LocalRotation.z
      value: -0
      objectReference: {fileID: 0}
    - target: {fileID: 3407239778734402286, guid: 7890b9906b7f1d84d8d1a93ae085b108,
        type: 3}
      propertyPath: m_LocalRotation.w
      value: 1
      objectReference: {fileID: 0}
    - target: {fileID: 3407239778734402286, guid: 7890b9906b7f1d84d8d1a93ae085b108,
        type: 3}
      propertyPath: m_RootOrder
      value: 7
      objectReference: {fileID: 0}
    - target: {fileID: 3407239778734402286, guid: 7890b9906b7f1d84d8d1a93ae085b108,
        type: 3}
      propertyPath: m_LocalEulerAnglesHint.x
      value: 0
      objectReference: {fileID: 0}
    - target: {fileID: 3407239778734402286, guid: 7890b9906b7f1d84d8d1a93ae085b108,
        type: 3}
      propertyPath: m_LocalEulerAnglesHint.y
      value: 0
      objectReference: {fileID: 0}
    - target: {fileID: 3407239778734402286, guid: 7890b9906b7f1d84d8d1a93ae085b108,
        type: 3}
      propertyPath: m_LocalEulerAnglesHint.z
      value: 0
      objectReference: {fileID: 0}
    m_RemovedComponents: []
  m_SourcePrefab: {fileID: 100100000, guid: 7890b9906b7f1d84d8d1a93ae085b108, type: 3}
--- !u!1001 &5720202825532006151
PrefabInstance:
  m_ObjectHideFlags: 0
  serializedVersion: 2
  m_Modification:
    m_TransformParent: {fileID: 0}
    m_Modifications:
    - target: {fileID: 5720202826332869116, guid: e2040f3332fbf774981356345f26020e,
        type: 3}
      propertyPath: m_LocalPosition.x
      value: 0
      objectReference: {fileID: 0}
    - target: {fileID: 5720202826332869116, guid: e2040f3332fbf774981356345f26020e,
        type: 3}
      propertyPath: m_LocalPosition.y
      value: 0
      objectReference: {fileID: 0}
    - target: {fileID: 5720202826332869116, guid: e2040f3332fbf774981356345f26020e,
        type: 3}
      propertyPath: m_LocalPosition.z
      value: 0
      objectReference: {fileID: 0}
    - target: {fileID: 5720202826332869116, guid: e2040f3332fbf774981356345f26020e,
        type: 3}
      propertyPath: m_LocalRotation.x
      value: 0
      objectReference: {fileID: 0}
    - target: {fileID: 5720202826332869116, guid: e2040f3332fbf774981356345f26020e,
        type: 3}
      propertyPath: m_LocalRotation.y
      value: 0
      objectReference: {fileID: 0}
    - target: {fileID: 5720202826332869116, guid: e2040f3332fbf774981356345f26020e,
        type: 3}
      propertyPath: m_LocalRotation.z
      value: 0
      objectReference: {fileID: 0}
    - target: {fileID: 5720202826332869116, guid: e2040f3332fbf774981356345f26020e,
        type: 3}
      propertyPath: m_LocalRotation.w
      value: 1
      objectReference: {fileID: 0}
    - target: {fileID: 5720202826332869116, guid: e2040f3332fbf774981356345f26020e,
        type: 3}
      propertyPath: m_RootOrder
      value: 5
      objectReference: {fileID: 0}
    - target: {fileID: 5720202826332869116, guid: e2040f3332fbf774981356345f26020e,
        type: 3}
      propertyPath: m_LocalEulerAnglesHint.x
      value: 0
      objectReference: {fileID: 0}
    - target: {fileID: 5720202826332869116, guid: e2040f3332fbf774981356345f26020e,
        type: 3}
      propertyPath: m_LocalEulerAnglesHint.y
      value: 0
      objectReference: {fileID: 0}
    - target: {fileID: 5720202826332869116, guid: e2040f3332fbf774981356345f26020e,
        type: 3}
      propertyPath: m_LocalEulerAnglesHint.z
      value: 0
      objectReference: {fileID: 0}
    - target: {fileID: 5720202826332869118, guid: e2040f3332fbf774981356345f26020e,
        type: 3}
      propertyPath: m_Name
      value: Music
      objectReference: {fileID: 0}
    m_RemovedComponents: []
  m_SourcePrefab: {fileID: 100100000, guid: e2040f3332fbf774981356345f26020e, type: 3}
--- !u!1001 &6335931595723491933
PrefabInstance:
  m_ObjectHideFlags: 0
  serializedVersion: 2
  m_Modification:
    m_TransformParent: {fileID: 0}
    m_Modifications:
    - target: {fileID: 3667774967321623834, guid: 9909ebf5fdb3e394582d1aede24e1ae1,
        type: 3}
      propertyPath: m_Name
      value: PauseCanvas
      objectReference: {fileID: 0}
    - target: {fileID: 3667774967321623834, guid: 9909ebf5fdb3e394582d1aede24e1ae1,
        type: 3}
      propertyPath: m_IsActive
      value: 0
      objectReference: {fileID: 0}
    - target: {fileID: 6294607043231578644, guid: 9909ebf5fdb3e394582d1aede24e1ae1,
        type: 3}
      propertyPath: m_LocalPosition.x
      value: 0
      objectReference: {fileID: 0}
    - target: {fileID: 6294607043231578644, guid: 9909ebf5fdb3e394582d1aede24e1ae1,
        type: 3}
      propertyPath: m_LocalPosition.y
      value: 0
      objectReference: {fileID: 0}
    - target: {fileID: 6294607043231578644, guid: 9909ebf5fdb3e394582d1aede24e1ae1,
        type: 3}
      propertyPath: m_LocalPosition.z
      value: 0
      objectReference: {fileID: 0}
    - target: {fileID: 6294607043231578644, guid: 9909ebf5fdb3e394582d1aede24e1ae1,
        type: 3}
      propertyPath: m_LocalRotation.x
      value: 0
      objectReference: {fileID: 0}
    - target: {fileID: 6294607043231578644, guid: 9909ebf5fdb3e394582d1aede24e1ae1,
        type: 3}
      propertyPath: m_LocalRotation.y
      value: 0
      objectReference: {fileID: 0}
    - target: {fileID: 6294607043231578644, guid: 9909ebf5fdb3e394582d1aede24e1ae1,
        type: 3}
      propertyPath: m_LocalRotation.z
      value: 0
      objectReference: {fileID: 0}
    - target: {fileID: 6294607043231578644, guid: 9909ebf5fdb3e394582d1aede24e1ae1,
        type: 3}
      propertyPath: m_LocalRotation.w
      value: 1
      objectReference: {fileID: 0}
    - target: {fileID: 6294607043231578644, guid: 9909ebf5fdb3e394582d1aede24e1ae1,
        type: 3}
      propertyPath: m_RootOrder
      value: 6
      objectReference: {fileID: 0}
    - target: {fileID: 6294607043231578644, guid: 9909ebf5fdb3e394582d1aede24e1ae1,
        type: 3}
      propertyPath: m_LocalEulerAnglesHint.x
      value: 0
      objectReference: {fileID: 0}
    - target: {fileID: 6294607043231578644, guid: 9909ebf5fdb3e394582d1aede24e1ae1,
        type: 3}
      propertyPath: m_LocalEulerAnglesHint.y
      value: 0
      objectReference: {fileID: 0}
    - target: {fileID: 6294607043231578644, guid: 9909ebf5fdb3e394582d1aede24e1ae1,
        type: 3}
      propertyPath: m_LocalEulerAnglesHint.z
      value: 0
      objectReference: {fileID: 0}
    - target: {fileID: 6294607043231578644, guid: 9909ebf5fdb3e394582d1aede24e1ae1,
        type: 3}
      propertyPath: m_AnchoredPosition.x
      value: 0
      objectReference: {fileID: 0}
    - target: {fileID: 6294607043231578644, guid: 9909ebf5fdb3e394582d1aede24e1ae1,
        type: 3}
      propertyPath: m_AnchoredPosition.y
      value: 0
      objectReference: {fileID: 0}
    - target: {fileID: 6294607043231578644, guid: 9909ebf5fdb3e394582d1aede24e1ae1,
        type: 3}
      propertyPath: m_SizeDelta.x
      value: 0
      objectReference: {fileID: 0}
    - target: {fileID: 6294607043231578644, guid: 9909ebf5fdb3e394582d1aede24e1ae1,
        type: 3}
      propertyPath: m_SizeDelta.y
      value: 0
      objectReference: {fileID: 0}
    - target: {fileID: 6294607043231578644, guid: 9909ebf5fdb3e394582d1aede24e1ae1,
        type: 3}
      propertyPath: m_AnchorMin.x
      value: 0
      objectReference: {fileID: 0}
    - target: {fileID: 6294607043231578644, guid: 9909ebf5fdb3e394582d1aede24e1ae1,
        type: 3}
      propertyPath: m_AnchorMin.y
      value: 0
      objectReference: {fileID: 0}
    - target: {fileID: 6294607043231578644, guid: 9909ebf5fdb3e394582d1aede24e1ae1,
        type: 3}
      propertyPath: m_AnchorMax.x
      value: 0
      objectReference: {fileID: 0}
    - target: {fileID: 6294607043231578644, guid: 9909ebf5fdb3e394582d1aede24e1ae1,
        type: 3}
      propertyPath: m_AnchorMax.y
      value: 0
      objectReference: {fileID: 0}
    - target: {fileID: 6294607043231578644, guid: 9909ebf5fdb3e394582d1aede24e1ae1,
        type: 3}
      propertyPath: m_Pivot.x
      value: 0
      objectReference: {fileID: 0}
    - target: {fileID: 6294607043231578644, guid: 9909ebf5fdb3e394582d1aede24e1ae1,
        type: 3}
      propertyPath: m_Pivot.y
      value: 0
      objectReference: {fileID: 0}
    m_RemovedComponents: []
  m_SourcePrefab: {fileID: 100100000, guid: 9909ebf5fdb3e394582d1aede24e1ae1, type: 3}
--- !u!1001 &8529044182257664092
PrefabInstance:
  m_ObjectHideFlags: 0
  serializedVersion: 2
  m_Modification:
    m_TransformParent: {fileID: 945774652}
    m_Modifications:
    - target: {fileID: 6842428290362671410, guid: 1b3e6968e0e87e94c840b2b7bf97d261,
        type: 3}
      propertyPath: m_Name
      value: Pickup_BabyBottle
      objectReference: {fileID: 0}
    - target: {fileID: 6842428290362671417, guid: 1b3e6968e0e87e94c840b2b7bf97d261,
        type: 3}
      propertyPath: m_LocalPosition.x
      value: 4.630415
      objectReference: {fileID: 0}
    - target: {fileID: 6842428290362671417, guid: 1b3e6968e0e87e94c840b2b7bf97d261,
        type: 3}
      propertyPath: m_LocalPosition.y
      value: 3.9208872
      objectReference: {fileID: 0}
    - target: {fileID: 6842428290362671417, guid: 1b3e6968e0e87e94c840b2b7bf97d261,
        type: 3}
      propertyPath: m_LocalPosition.z
      value: 2.461914
      objectReference: {fileID: 0}
    - target: {fileID: 6842428290362671417, guid: 1b3e6968e0e87e94c840b2b7bf97d261,
        type: 3}
      propertyPath: m_LocalRotation.x
      value: -0
      objectReference: {fileID: 0}
    - target: {fileID: 6842428290362671417, guid: 1b3e6968e0e87e94c840b2b7bf97d261,
        type: 3}
      propertyPath: m_LocalRotation.y
      value: -0
      objectReference: {fileID: 0}
    - target: {fileID: 6842428290362671417, guid: 1b3e6968e0e87e94c840b2b7bf97d261,
        type: 3}
      propertyPath: m_LocalRotation.z
      value: -0
      objectReference: {fileID: 0}
    - target: {fileID: 6842428290362671417, guid: 1b3e6968e0e87e94c840b2b7bf97d261,
        type: 3}
      propertyPath: m_LocalRotation.w
      value: 1
      objectReference: {fileID: 0}
    - target: {fileID: 6842428290362671417, guid: 1b3e6968e0e87e94c840b2b7bf97d261,
        type: 3}
      propertyPath: m_RootOrder
      value: 2
      objectReference: {fileID: 0}
    - target: {fileID: 6842428290362671417, guid: 1b3e6968e0e87e94c840b2b7bf97d261,
        type: 3}
      propertyPath: m_LocalEulerAnglesHint.x
      value: 0
      objectReference: {fileID: 0}
    - target: {fileID: 6842428290362671417, guid: 1b3e6968e0e87e94c840b2b7bf97d261,
        type: 3}
      propertyPath: m_LocalEulerAnglesHint.y
      value: 0
      objectReference: {fileID: 0}
    - target: {fileID: 6842428290362671417, guid: 1b3e6968e0e87e94c840b2b7bf97d261,
        type: 3}
      propertyPath: m_LocalEulerAnglesHint.z
      value: 0
      objectReference: {fileID: 0}
    m_RemovedComponents: []
  m_SourcePrefab: {fileID: 100100000, guid: 1b3e6968e0e87e94c840b2b7bf97d261, type: 3}
